2060 2848
671 305 846 341 GENTIS
870 305 1145 346 SCOTORUM,
1170 306 1258 340 LIB.
1283 306 1366 340 XII.
1648 307 1711 340 495

325 405 447 444 tulere,
475 403 536 437 sed
560 406 602 436 ut
627 401 813 447 theologus
838 401 989 435 eximius
1015 402 1115 435 audit
1143 413 1165 435 a
1189 401 1326 435 Joanne
1357 400 1622 445 Baconthorpio
1648 400 1707 434 lib.

325 469 385 495 111.
404 459 615 493 Sententiar.
635 462 771 503 quaest.
792 466 853 491 111.
904 455 998 502 Ejus
1015 461 1121 491 sunt:

323 516 437 561 Super
453 515 647 549 Auctorem
665 514 842 559 Sphaerae
859 514 920 547 lib.
937 522 961 547 1.
1037 513 1092 548 De
1120 514 1296 548 Memoria
1317 518 1352 548 et
1376 514 1554 548 Reminis-

322 572 367 606 In
383 572 590 606 Aristotelis
607 571 769 606 Meteora
858 571 919 605 lib.
939 577 992 605 IV.
1090 572 1206 604 centia
1586 570 1648 604 lib.
1668 577 1709 604 11.

322 629 377 664 De
394 628 658 663 Constitutione
676 628 805 662 Mundi
856 627 916 662 lib.
938 636 991 661 Ν.
1040 627 1175 662 Contra
1192 627 1390 662 Averroem
1411 628 1450 661 in
1476 627 1553 662 Me-

321 686 375 720 De
392 685 528 719 Anima
860 685 920 719 lib.
941 693 967 719 1.
1093 690 1193 719 teora
1587 685 1649 719 lib.
1669 694 1693 718 1.

322 743 377 777 De
394 742 501 777 Coelo
518 747 553 777 et
571 742 710 777 Mundo
859 743 919 777 lib.
940 750 983 776 11.
1045 741 1224 787 Imagines
1241 741 1513 776 Astronomicae
1589 742 1650 776 lib.
1670 751 1694 775 1.

322 799 377 834 De
394 799 628 833 Generatione
645 804 681 833 et
703 799 858 844 Corrup-
1044 799 1318 844 Astrologorum
1337 798 1517 844 Dogmata
1590 800 1651 834 lib.
1671 808 1695 833 1.

372 857 468 891 tione
859 856 920 890 lib.
941 864 983 890 11.
1044 855 1087 889 In
1106 855 1260 889 Ethicen
1277 854 1484 889 Aristotelis
1587 857 1648 891 lib.
1668 866 1707 891 x.

323 913 378 947 De
395 912 602 946 Substantia
619 911 728 947 Orbis
861 913 921 946 lib.
942 922 967 948 1.
1043 912 1098 946 De
1117 912 1237 958 Signis
1255 911 1485 946 Planetarum
1588 908 1695 948 lib.'1.

323 970 378 1004 De
395 969 525 1003 Somno
543 973 579 1003 et
594 969 731 1015 vigilia
858 970 918 1003 lib.
939 978 983 1003 11.
1042 969 1096 1003 De
1116 968 1363 1003 chiromantia
1589 971 1649 1005 lib.
1670 980 1695 1005 1.

323 1027 378 1061 De
395 1027 508 1061 Sensu
526 1031 561 1059 et
579 1030 719 1060 sensato
860 1026 921 1060 lib.
942 1035 985 1060 11.

471 1082 526 1116 De
545 1082 824 1128 Physiognomia
865 1083 926 1117 lib.
947 1091 972 1117 1.
1034 1082 1114 1117 Hoc
1131 1083 1246 1117 solum
1265 1093 1354 1127 opus
1372 1083 1519 1118 laudant
1536 1083 1712 1118 Gesnerus

520 1144 556 1173 et
573 1139 744 1174 Simlerus
762 1140 800 1173 in
818 1139 1053 1174 Bibliotheca.

472 1196 769 1230 Abbreviationes
788 1196 994 1231 Avicennae
1263 1196 1325 1230 lib.
1345 1205 1372 1229 1.

472 1253 527 1287 De
543 1253 783 1294 Animalibus,
803 1254 848 1287 ad
867 1253 1069 1294 Caesarem,
1260 1253 1323 1287 lib.
1343 1263 1368 1287 1.
1421 1252 1457 1287 Is
1481 1258 1535 1288 est
1560 1254 1714 1289 Frideri-

522 1321 582 1344 cus
609 1309 658 1343 II.
688 1310 892 1355 imperator,
927 1311 1030 1356 cujus
1061 1314 1190 1356 rogatu
1215 1310 1273 1343 hic
1298 1311 1406 1344 etiam
1429 1311 1575 1356 juvenis
1601 1313 1714 1346 multa

521 1377 627 1411 opera
644 1368 796 1401 scribere
814 1372 868 1401 est
885 1378 1086 1413 aggressus.

374 1424 476 1459 Vixit
505 1435 618 1468 usque
648 1425 686 1457 in
713 1425 877 1459 ultimam
905 1429 1133 1464 senectutem,
1163 1428 1199 1458 et
1229 1424 1351 1470 attigit
1378 1435 1511 1458 annum
1543 1433 1711 1461 mccxcr.

326 1491 397 1526 quo
415 1482 544 1515 obiisse
561 1486 718 1516 certum:
747 1487 794 1520 et,
812 1486 853 1515 ut
871 1486 970 1525 puto,
998 1482 1035 1515 in
1053 1482 1173 1515 Scotia
1189 1482 1270 1515 libri
1289 1481 1401 1525 ipsius
1426 1482 1633 1517 dicebantur
1658 1495 1713 1518 me

326 1548 436 1582 puero
453 1543 584 1578 extare,
602 1539 662 1572 sed
680 1539 756 1572 sine
773 1538 919 1572 horrore
936 1539 1090 1582 quodam
1109 1548 1180 1572 non
1198 1549 1300 1582 posse
1318 1538 1447 1583 attingi
1471 1539 1516 1572 ob
1539 1542 1713 1575 malorum

327 1596 539 1629 daemonum
568 1595 790 1641 praestigias,
821 1606 911 1639 quae
942 1596 1012 1629 illis
1043 1595 1175 1639 apertis
1206 1594 1348 1628 fiebant.
1401 1592 1469 1628 Sed
1498 1603 1713 1642 nugamenta

327 1652 423 1692 haec,
441 1657 477 1687 et
494 1653 646 1698 ignavae
663 1652 775 1696 plebis
794 1653 996 1686 credulitas.

721 1766 886 1801 DAVID
912 1766 1183 1802 MELDROM.
1237 1768 1321 1805 941.

330 1880 470 1914 DAvm
490 1880 678 1920 Meldrom‚
702 1881 759 1914 vir
776 1881 908 1926 insigni
925 1881 1068 1925 pietate,
1095 1891 1159 1913 nee
1176 1881 1312 1913 minore
1331 1879 1527 1920 literatura,
1553 1882 1714 1916 ecclesiae

331 1936 593 1971 Dunkeldensis
628 1938 816 1970 canonicus
851 1942 887 1970 et
920 1937 1089 1976 officialis,
1124 1948 1146 1971 a
1180 1937 1322 1970 Thoma
1356 1936 1508 1976 Lauda,
1552 1938 1714 1982 episcopo

330 1993 585 2033 Dunkeldensi‚
598 1993 677 2038 ,iam
695 2004 788 2034 sene,
809 1992 962 2028 Romam
981 1995 1190 2033 destinatus,
1209 1993 1317 2038 probe
1334 1997 1370 2027 et
1395 1994 1587 2037 prudenter
1610 1994 1648 2028 in
1673 2006 1714 2028 ea

332 2061 368 2084 se
387 2052 467 2084 aula
485 2051 606 2095 gessit.
657 2050 807 2094 Scripsit

476 2106 598 2141 Vitam
618 2106 778 2140 Thomae
797 2106 940 2141 Lauder
958 2107 1125 2152 Episcopi
1312 2106 1373 2140 lib.
1394 2116 1419 2140 1.

478 2163 592 2207 Super
610 2163 801 2197 Decretum
821 2163 983 2198 Gratiani
1313 2163 1374 2197 lib.
1395 2171 1420 2197 1.

479 2219 521 2252 In
541 2220 780 2254 Clementinas
1313 2221 1374 2254 lib.
1394 2229 1418 2254 1.

479 2276 522 2310 In
542 2276 829 2322 Extravagantes
995 2306 1000 2311 .
1313 2278 1372 2312 lib.
1394 2287 1419 2311 1.

380 2333 535 2367 Vivebat
561 2345 655 2367 anno
682 2343 968 2368 mccccnxxxr.
1025 2334 1134 2368 Plura
1152 2335 1196 2368 de
1213 2344 1254 2368 eo
1270 2334 1475 2369 Alexander
1492 2335 1628 2377 Minus,
1647 2337 1714 2381 ipsi

333 2391 558 2434 synchronos.
