2118 2854
324 331 387 362 338
707 329 940 363 HISTORIA
963 330 1338 364 ECCLESIASTICA

326 426 419 465 dato,
438 430 474 460 et
492 424 690 470 Hidulph0‚
709 436 728 459 e
746 425 865 460 Scotia
882 430 1058 460 venerunt
1075 425 1114 459 in
1130 424 1345 461 Alsatiam.''
1397 425 1511 460 Porro
1535 425 1593 461 hic
1612 426 1724 460 frater

326 482 361 517 S.
380 482 584 517 Eberhardi
602 481 639 517 S.
658 483 813 527 episcopi
838 482 1121 522 Ratisbonensis,
1147 482 1228 517 Pet.
1254 482 1434 528 Cratepol.
1461 483 1524 518 SS.
1553 483 1722 519 German.

326 552 408 587 pag.
423 548 549 575 XXCV.
568 541 625 574 vel
642 544 684 574 ut
702 540 774 580 alii,
794 544 829 574 et
846 539 938 574 forte
956 541 1088 580 verius,
1106 545 1325 585 praeceptor.
1377 540 1576 586 Scripserat

475 596 660 643 Epistolas
678 598 723 631 ad
741 598 932 642 populares
1267 598 1329 633 lib.
1349 606 1375 632 1.

379 655 460 696 Quo
477 659 635 700 tempore
653 659 716 689 aut
735 655 795 689 ubi
821 654 888 689 loci
913 654 1044 688 vixerit
1067 659 1149 699 post
1175 660 1377 700 assumptos
1404 655 1450 689 ad
1475 655 1724 700 pontificatum

326 713 549 748 Florentium
569 718 605 746 et
622 711 880 758 Arbogastum,
899 712 996 746 haud
1013 711 1116 746 facile
1133 713 1298 753 dixerim,
1324 713 1395 746 nisi
1422 713 1470 747 sit
1496 713 1724 748 Trevirensis

325 770 608 815 archiepiscopus
634 769 696 804 SS.
723 770 803 804 albo
830 770 1006 814 ascriptus
1034 769 1079 803 ad
1106 770 1200 803 diem
1232 779 1290 804 XI.
1319 769 1422 810 Julii,
1453 769 1643 806 Addition.
1678 771 1724 805 ad

326 827 627 873 Martyrologiusn
651 827 808 861 Usuardi
830 827 966 861 Molan.
991 838 1013 861 a
1037 826 1178 871 Pipino,
1203 826 1322 861 Caroli
1341 826 1469 873 Magni
1487 833 1601 872 patre,
1621 829 1724 863 inau-

324 889 486 932 guratus.
538 883 715 919 Trithem.
735 884 796 918 lib.
817 893 878 918 111.
897 884 941 918 de
958 883 1037 919 Vir.
1057 883 1186 917 illustr.
1212 882 1340 918 Ordin.
1368 883 1405 918 S.
1434 883 1617 919 Benedicti
1645 896 1722 931 cap.

325 951 436 977 CCIII.
467 941 530 986 qui
561 941 865 986 archiepiscopum
896 949 1011 976 vocat.
1072 940 1171 975 Petr.
1203 940 1440 985 Cratepolius,
1471 946 1507 976 et
1537 941 1723 978 Arnoldus

326 999 447 1033 Uvion
469 998 531 1033 lib.
552 1007 594 1032 11.
622 1010 697 1043 cap.
725 1008 865 1032 XXXII.
892 999 955 1034 ubi
982 1010 1064 1033 eum
1090 999 1161 1033 tria
1186 999 1404 1033 monasteria
1429 998 1633 1034 aedificasse
1659 1001 1722 1036 ait.

326 1057 465 1091 Claruit
481 1067 575 1090 anno
593 1057 718 1091 salutis
737 1065 924 1091 DCLXXV.

372 1114 479 1149 Alius
497 1114 542 1148 ab
559 1113 629 1148 isto
647 1118 700 1148 est
720 1113 955 1158 Hildulphus‚
982 1114 1045 1159 qui
1069 1112 1216 1148 Annoni
1235 1113 1499 1159 archiepiscopo
1517 1113 1722 1150 Coloniensi

324 1172 502 1212 successit,
527 1177 569 1206 ut
594 1171 788 1205 monachus
816 1170 1083 1218 Sigebergensis
1102 1172 1209 1206 habet
1226 1172 1288 1206 lib.
1309 1180 1352 1206 11.
1370 1171 1479 1206 Vitae
1497 1170 1533 1206 S.
1552 1171 1720 1208 Annonis

323 1241 398 1275 cap.
425 1237 497 1263 vn.
553 1228 651 1263 Eum
678 1228 920 1273 Hildolphum
948 1234 1053 1264 vocat
1079 1229 1269 1264 Marianus
1296 1229 1423 1264 Scotus
1450 1229 1510 1264 lib.
1540 1239 1600 1263 111.
1628 1242 1722 1265 anno

325 1295 524 1321 MLXXVII.
542 1297 614 1331 quo
633 1297 726 1320 anno
745 1286 1032 1331 archiepiscopus
1051 1287 1110 1321 ille
1128 1287 1371 1322 renunciatus.

771 1383 807 1418 S.
836 1383 1131 1419 HUNALDUS.
1185 1383 1269 1419 635.

322 1460 358 1494 S.
378 1460 612 1494 HUNALDUS
630 1458 767 1499 Scotus,
787 1463 822 1493 et
841 1458 876 1493 S.
896 1458 1109 1493 Columbani
1128 1458 1224 1494 Scoti
1243 1459 1450 1505 discipulus,
1470 1460 1527 1495 cui
1541 1460 1600 1495 ille
1614 1471 1721 1506 opera

322 1529 386 1553 sua
403 1518 590 1558 dedicavit,
608 1521 650 1551 ut
668 1528 711 1550 ex
730 1516 950 1561 praefatione
967 1516 1102 1561 liquet:

588 1581 716 1620 Suscipe,
733 1580 884 1614 Hunalde,
899 1580 1013 1613 lubens,
1027 1585 1057 1609 et
1071 1580 1188 1619 perlege
1201 1586 1300 1610 mente
1313 1590 1415 1610 serena

584 1628 672 1657 Dicta
686 1627 856 1656 Columbani
871 1627 928 1656 fida
940 1633 971 1656 te
987 1637 1056 1657 voce
1069 1628 1221 1657 monentis.

371 1695 512 1730 Claruit
530 1705 624 1729 anno
643 1703 744 1728 DLII.
764 1694 948 1739 depositus
965 1694 1004 1728 in
1021 1693 1200 1729 Luxovio.
1251 1693 1339 1729 Dies
1356 1695 1526 1730 incertus.

828 1809 863 1843 S.
892 1808 1069 1844 HIERO.
1122 1807 1205 1844 636.

322 1926 358 1962 S.
378 1926 528 1968 HIERO‚
550 1937 613 1961 seu
632 1925 725 1966 Iero,
749 1937 771 1960 a
794 1925 904 1960 Petro
928 1923 1108 1959 Galesinio
1132 1924 1171 1958 in
1196 1924 1470 1971 Martyrologio‚
1488 1929 1524 1960 et
1541 1937 1562 1960 a
1579 1925 1603 1960 J
1605 1938 1718 1962 oanne

322 1984 468 2019 Molano
485 1984 523 2018 in
541 1983 662 2018 Indice
680 1983 742 2017 SS.
763 1983 892 2029 Belgii,
912 1986 948 2017 et
965 1982 1002 2016 in
1020 1981 1208 2016 Addition.
1235 1982 1281 2016 ad
1305 1981 1512 2017 Usuardum
1537 1984 1593 2018 die
1612 1993 1716 2019 XVII.

321 2041 492 2088 Augusti,
507 2041 727 2081 celebratum
755 2041 816 2074 sed
834 2040 887 2074 illi
905 2051 978 2074 non
991 2039 1134 2074 suntad
1152 2050 1311 2074 manum.
1347 2039 1496 2074 Arnold.
1514 2039 1636 2076 Uvion
1654 2043 1716 2077 lib.

323 2108 383 2133 111.
410 2099 516 2146 Lign.
541 2098 648 2133 Vitae
672 2110 754 2144 pag.
774 2106 943 2132 CCLXXI.
972 2101 994 2117 “
1012 2096 1057 2131 In
1075 2096 1270 2132 Hollandia
1287 2099 1504 2132 monasterio
1522 2097 1716 2134 Edmunda

324 2156 359 2190 S.
380 2156 559 2197 Hieronis,
584 2156 783 2201 presbyteri
809 2160 845 2190 et
870 2155 1060 2200 martyris:
1086 2154 1156 2196 hic,
1185 2166 1203 2189 e
1226 2154 1346 2190 Scotia
1369 2156 1593 2202 evangelicae
1616 2168 1716 2201 prae-

323 2214 508 2248 dicationis
534 2225 640 2248 causa
665 2225 705 2247 eo
731 2213 924 2258 profectus,
949 2213 1036 2247 dum
1062 2212 1107 2247 ad
1133 2213 1288 2257 suscepti
1312 2214 1471 2247 muneris
1489 2214 1715 2259 vigilantiam

324 2275 482 2305 attentus
499 2270 660 2305 homines
679 2282 697 2305 e
715 2271 870 2305 tenebris
893 2271 938 2305 ad
961 2271 1076 2305 lucem
1099 2275 1254 2310 revocat,
1280 2282 1302 2304 a
1327 2270 1487 2305 barbaris
1505 2271 1619 2305 securi
1638 2282 1716 2315 per-

325 2339 459 2368 cussus,
478 2339 541 2373 per
562 2329 775 2373 martyrium
794 2328 883 2362 abiit
901 2329 944 2362 ad
959 2327 1188 2363 Dominum.'’
1240 2327 1369 2362 Multis
1387 2327 1430 2361 de
1443 2339 1484 2362 eo
1502 2332 1633 2362 tractat
1651 2329 1715 2363 Pe-

325 2392 403 2420 trus
421 2385 644 2431 Cratepolius
663 2386 700 2419 in
718 2385 908 2430 Episcopis
922 2385 1144 2423 Germaniae.
1187 2384 1359 2419 Zeronem
1377 2386 1469 2420 male
1487 2391 1590 2419 vocat
1607 2385 1631 2420 J
1633 2397 1717 2421 oan-

327 2453 387 2477 nes
414 2441 662 2477 Geerbrandus
689 2454 709 2477 a
733 2442 854 2477 Leidis
881 2442 1074 2477 Carmelita
1099 2442 1161 2477 lib.
1182 2451 1207 2477 1.
1235 2442 1369 2477 Chron.
1397 2436 1533 2489 Belgici
1560 2454 1636 2488 cap.
1657 2453 1714 2478 IX.
