2118 2854
696 325 871 358 GENTIS
896 324 1172 361 SCOTORUM,
1197 325 1285 358 LIB.
1308 326 1404 358 VIII.
1688 328 1752 359 349

510 421 564 455 De
582 419 779 455 Venatione
796 432 922 465 poema
940 419 1242 466 elegantissimum
1392 419 1451 453 lib.
1474 429 1498 453 1.

412 479 511 514 Obiit
529 478 748 522 Andreapoli
767 489 860 512 anno
881 486 973 511 Mm.

740 591 1001 627 HENRICUS
1028 590 1234 625 CAECUS.
1289 588 1372 624 662.

362 708 578 742 HENRICUS
596 708 753 752 quidam,
771 718 793 741 a
809 707 998 741 nativitate
1016 717 1149 747 caecus,
1175 717 1256 740 rara
1273 711 1392 740 tamen
1411 707 1545 752 ingenii
1569 706 1748 746 felicitate,

362 765 540 800 Homerus
558 766 657 805 alter,
677 765 830 809 patriam
848 765 1009 810 linguam
1028 756 1135 808 supra
1154 768 1305 797 aetatem
1324 775 1425 798 suam
1439 764 1579 798 ditavit.
1633 764 1750 808 Scrip-

360 823 406 857 sit
424 834 610 867 operosum
630 827 665 855 et
683 823 816 867 grande
835 833 923 865 opus
943 833 1049 855 versu
1067 821 1269 860 vernaculo,

509 880 563 913 De
581 879 699 913 Gestis
719 878 888 912 Gulielmi
906 878 1069 911 Wauasii
1133 878 1193 911 lib.
1214 887 1253 911 X.
1299 877 1406 918 Huic,
1425 878 1497 912 filio
1516 878 1686 912 Gulielmi
1706 879 1749 913 ab

557 936 726 975 Eldeslia,
746 935 866 980 nepoti
884 935 1015 968 Adami
1034 947 1055 968 a
1073 935 1255 975 Ricarton,
1274 935 1400 981 ingens
1420 936 1544 980 gloria,
1571 940 1606 970 et
1632 935 1749 969 famae

558 994 748 1028 aeternitas
767 994 882 1032 cessit,
900 993 995 1036 quod
1013 992 1213 1025 libertatem
1231 1003 1418 1035 oppressae
1436 992 1572 1036 patriae
1596 993 1671 1026 sola
1694 994 1750 1026 sui
1796 985 1801 989 ’

555 1052 690 1085 virtute
707 1050 877 1088 restituit,
896 1049 1085 1094 tyrannide
1102 1047 1306 1094 Anglorum
1325 1050 1448 1083 multis
1467 1050 1609 1093 praeliis
1628 1061 1750 1084 excus-

557 1119 607 1147 sa,
625 1112 660 1141 et
678 1118 756 1140 cum
776 1117 936 1150 proceres
961 1106 999 1140 in
1023 1106 1233 1139 servitutem
1257 1107 1353 1139 ultro
1377 1110 1532 1146 ruerent,
1556 1118 1649 1140 unus
1676 1112 1749 1141 tam

554 1164 688 1209 potenti
717 1164 792 1209 regi
817 1175 856 1197 ac
879 1163 1023 1197 factioni
1049 1163 1211 1197 resistere
1237 1174 1356 1203 ausus,
1383 1164 1491 1198 armis
1519 1164 1684 1204 invictus,
1713 1176 1751 1198 ac

556 1223 630 1255 sola
648 1222 784 1255 invidia
802 1221 1008 1255 debellatus.

407 1279 561 1315 Vivebat
580 1290 673 1313 anno
692 1287 890 1312 MCCCLXI.

690 1392 914 1426 JACOBUS
941 1392 1285 1427 HARRISONUS.
1339 1392 1421 1427 663.

357 1509 537 1543 JACOBUS
566 1508 785 1542 Harrisonus
810 1507 848 1540 in
874 1508 955 1540 aula
982 1506 1184 1553 Anglicana
1215 1507 1437 1552 aliquamdiu
1467 1509 1632 1550 vixerat3
1665 1521 1748 1544 nam

358 1565 529 1600 Eduardo
549 1565 705 1604 Semaro,
732 1563 1050 1597 Somersetensium
1077 1564 1169 1604 duci,
1196 1565 1290 1611 regis
1317 1565 1465 1601 minoris
1493 1567 1681 1606 avunculo,
1709 1579 1749 1601 ac

360 1623 460 1669 regni
479 1621 772 1661 administratori,
799 1632 887 1665 opus
909 1621 1100 1665 inscripsit,
1128 1633 1199 1666 quo
1226 1621 1348 1656 Scotos
1376 1626 1411 1656 et
1436 1622 1575 1669 Anglos
1602 1625 1646 1658 ad
1673 1636 1748 1658 mu-

358 1689 456 1714 tuam
474 1680 696 1714 concordiam
714 1679 890 1721 hortatuS,
910 1678 1069 1724 graviter
1086 1679 1129 1712 de
1147 1680 1335 1724 utriusque
1353 1680 1455 1726 regni
1475 1681 1620 1720 viribus,
1646 1686 1680 1715 et
1705 1693 1748 1715 ex

357 1738 448 1771 bello
466 1737 698 1776 incommoda,
718 1747 762 1769 ex
779 1747 864 1779 pace
882 1736 1119 1770 emolumenta
1136 1741 1341 1781 pertractat.
1399 1737 1544 1772 Titulus
1563 1739 1660 1783 operi

503 1794 558 1828 De
576 1794 727 1827 duorum
746 1793 953 1839 Regnorum
972 1792 1112 1827 Unione
1294 1794 1355 1828 lib.
1376 1804 1400 1828 1.

405 1851 544 1885 Claruit
563 1861 655 1885 anno
675 1858 871 1883 MDXLVII.

662 1963 940 1998 EDUARDUS
967 1964 1305 1999 HENRISONUS.
1359 1964 1440 2000 664.

359 2079 586 2112 EDUARDUS
609 2077 845 2117 Henrisonus‚
872 2082 1070 2112 antecessor
1096 2084 1131 2113 et
1157 2079 1335 2124 professor
1355 2081 1475 2126 regius
1494 2081 1739 2122 Bituricensis,

360 2137 486 2170 Franc.
518 2135 678 2169 Duareni
710 2135 853 2180 collega,
885 2135 922 2168 in
952 2135 1047 2170 illius
1074 2137 1271 2170 academiae
1296 2142 1400 2182 grata
1425 2139 1595 2172 memoria
1620 2139 1741 2173 etiam-

358 2205 444 2226 num
470 2193 574 2227 hodie
600 2193 692 2226 vivit
718 2192 895 2237 vigetque,
923 2192 979 2225 vir
1003 2192 1273 2229 humanioribus
1296 2194 1408 2229 literis
1435 2195 1740 2236 instructissimus,

358 2251 440 2284 solis
459 2250 668 2294 Papiuianis
687 2250 724 2283 in
738 2250 832 2294 juris
851 2249 1051 2295 cognitione
1068 2250 1225 2285 inferior.
1278 2251 1428 2297 Scripsit

505 2307 548 2341 In
576 2307 688 2341 Titui.
717 2316 757 2340 x.
785 2307 846 2340 lib.
874 2315 916 2340 11.
949 2306 1169 2342 Institution.
1202 2308 1397 2343 Justinian.
1428 2310 1471 2344 de
1500 2310 1738 2346 Testamentis

555 2364 741 2408 (Biblioth.
759 2363 783 2397 J
787 2365 892 2409 urid.)
1285 2366 1346 2400 lib.
1368 2376 1392 2400 1.

503 2421 653 2456 Librum
672 2422 714 2455 de
732 2421 997 2462 Jurisdictione,
1023 2433 1087 2466 pro
1104 2421 1257 2458 Doctore
1282 2435 1347 2458 suo
1373 2423 1572 2471 Eguinario
1598 2425 1738 2460 Barone

1030 2487 1057 2511 D
