2060 2848
687 278 919 312 HISTORIA
942 276 1320 310 ECCLESIASTICA.
1628 274 1691 306 427

306 382 424 412 autem
442 376 486 411 ab
511 386 552 410 eo
578 378 719 409 auctore
743 373 873 406 dicitur
897 372 1000 416 quasi
1025 370 1192 415 Leswyn,
1220 370 1314 414 quod
1340 372 1441 403 sonat
1467 378 1574 403 carus
1599 367 1686 402 ami-

305 444 389 472 cus;
411 434 471 468 sed
494 431 714 476 frequentior
736 440 822 463 usus
847 428 1018 462 Livinum
1044 431 1157 467 vocat,
1183 427 1226 460 de
1251 438 1322 471 quo
1347 427 1450 470 plene
1476 425 1631 460 Meierus
1650 426 1688 459 in

306 490 505 524 Annalibus
536 487 744 526 Flandricis,
777 490 812 520 et
842 485 999 530 ejusdem
1029 489 1108 518 acta
1136 483 1373 517 celebraverat
1403 482 1440 517 S.
1469 482 1685 523 Bonifacius,

305 548 586 591 archiepiscopus
616 543 914 590 Moguntinensis,
941 542 1002 586 qui
1029 540 1107 574 MS.
1138 545 1236 575 extat
1266 540 1431 580 Lovanii,
1461 544 1550 574 teste
1579 539 1687 574 Joan-

306 615 349 638 ne
367 604 523 637 Molano.
576 601 781 635 Passionem
799 611 882 634 vero
900 610 1006 633 versu
1030 598 1158 632 extulit
1182 597 1358 631 Henricus
1382 597 1511 631 Lacius
1537 596 1688 631 Latinus

306 665 433 706 rogatu
451 659 598 699 Letteri,
618 658 792 703 Aegidius
812 656 1012 690 Honcarius
1030 656 1225 700 presbyter,
1243 667 1359 700 quem,
1373 656 1454 689 licet
1471 654 1688 689 Ascensiano

306 719 403 762 prelo
429 718 607 756 emissum,
633 726 705 749 non
726 715 825 758 potui
844 714 958 748 adhuc
975 714 1104 749 videre.
1156 712 1250 747 Aeta
1276 713 1382 747 etiam
1408 713 1570 746 ecclesiae
1594 712 1688 746 Gan-

307 775 470 809 davensis
490 773 593 807 MSS.
641 772 749 806 Hunc
766 770 978 814 Apostolum
1006 770 1336 804 Transiselanorum
1362 774 1465 803 vocat
1491 769 1688 803 Theatrum

309 832 538 866 Conversion.
558 830 662 864 Gent.
681 829 775 873 apud
798 827 998 862 Arnoldum
1021 827 1195 861 Uvionem
1215 827 1275 860 lib.
1302 836 1344 860 11.
1362 826 1471 872 Ligni
1489 827 1594 862 Vitae
1612 838 1686 871 cap.

310 897 407 921 LVII.
434 889 503 921 nisi
531 888 622 921 forte
653 887 742 920 alius
770 885 827 924 sit,
854 885 949 929 quod
974 896 1046 918 non
1070 888 1203 928 putem.
1231 884 1327 918 Petr.
1355 884 1575 928 Cratepolius
1602 884 1688 927 Epi-

308 957 400 989 scop.
417 944 582 978 German.
602 948 625 963 “
638 947 742 977 natus
756 943 794 976 in
807 942 955 981 Scotia‚”
973 952 1053 987 pag.
1073 950 1186 974 XCIX.
1240 941 1359 975 Verba
1377 941 1571 975 Christiani
1591 941 1687 975 Mas-

309 1003 379 1035 saei
395 1001 675 1035 Cameracenatis
689 1001 732 1033 de
750 1011 791 1033 eo
809 1003 892 1032 sunt
909 999 969 1032 lib.
986 1007 1077 1032 XIII.
1097 997 1303 1032 Chronicor.
1323 998 1452 1032 Mundi
1466 1010 1474 1032 ε
1505 1002 1525 1017 “
1539 998 1687 1032 Sanctus

309 1059 477 1098 Levinus,
508 1058 650 1091 natione
681 1056 817 1095 Scotus,
849 1056 1130 1099 archiepiscopus
1166 1055 1370 1095 Hiberniae,
1405 1056 1463 1089 vel
1496 1055 1687 1100 Sylvestris

309 1115 455 1154 Scotiae,
475 1114 687 1149 Gandavum
705 1114 802 1147 venit
820 1124 900 1146 cum
918 1113 1033 1146 tribus
1059 1112 1240 1156 discipulis
1267 1120 1354 1147 XVI.
1381 1111 1470 1146 Julii
1496 1113 1688 1146 indictione

312 1181 364 1207 VI.
392 1176 426 1206 et
454 1172 585 1205 mansit
610 1171 681 1205 illic
710 1182 828 1205 mense
856 1181 951 1212 uno;
980 1169 1106 1203 deinde
1131 1169 1309 1213 profectus
1335 1170 1380 1203 ad
1405 1169 1533 1203 Escam
1552 1170 1690 1214 praedi-

310 1229 402 1263 cavit
425 1228 619 1268 Christum,
644 1229 844 1272 multosque
871 1227 1067 1260 convertit:
1095 1227 1240 1271 quidam
1267 1238 1351 1261 vero
1376 1227 1533 1260 indurati
1560 1228 1690 1260 oecide-

310 1290 394 1320 runt
421 1296 500 1319 eum
528 1294 602 1319 XII.
631 1285 844 1319 Novembris
870 1284 1027 1329 ejusdem
1058 1284 1166 1326 anni;
1199 1284 1390 1318 decollatus
1420 1288 1549 1323 autem,
1580 1285 1691 1319 erexit

313 1354 359 1383 se,
390 1347 424 1376 et
455 1342 539 1376 tulit
568 1349 674 1385 caput
707 1353 822 1381 suum,
859 1346 893 1375 et
924 1340 1079 1385 portavit
1106 1342 1144 1375 in
1171 1340 1369 1374 Hontthem
1400 1341 1438 1374 in
1467 1342 1690 1385 sepulchrum

315 1400 481 1444 angelicis
515 1400 679 1433 manibus
709 1402 968 1442 praeparatum,
999 1398 1059 1432 ubi
1091 1398 1228 1442 quievit
1255 1399 1357 1431 annis
1392 1407 1531 1433 CCVIII.
1566 1400 1691 1433 deinde

314 1458 451 1491 levatus
469 1468 490 1490 a
508 1456 727 1490 Theodorico
745 1455 989 1489 Cameracensi
1012 1454 1208 1499 pontifice.''
1258 1456 1350 1490 Vide
1373 1467 1462 1499 quae
1480 1462 1688 1500 sequuntur.

315 1513 421 1547 Hunc
456 1524 550 1552 vero,
585 1513 803 1546 Francorum
839 1513 1076 1546 Orientalium
1111 1517 1146 1545 et
1181 1512 1360 1546 Saxonum
1400 1515 1609 1557 apostolum,
1652 1519 1693 1547 ut

313 1571 471 1614 loquitur
502 1570 709 1603 Huc-baldus
739 1569 964 1603 Elmonensis
995 1570 1032 1603 in
1060 1569 1147 1604 Vita
1173 1570 1249 1614 ejus
1280 1581 1354 1614 cap.
1383 1579 1437 1604 VI.
1471 1571 1587 1604 Scotia
1614 1582 1694 1614 pro-

314 1627 406 1666 tulit,
433 1628 589 1671 primum
615 1637 709 1666 sane,
736 1627 830 1671 quod
856 1627 976 1666 sciam,
1003 1626 1098 1660 illius
1123 1627 1239 1672 gentis
1266 1627 1575 1671 archiepiscopum.
1641 1628 1691 1662 Ut

314 1685 490 1719 ecclesiam
535 1684 628 1717 inter
670 1684 847 1717 silvestres
890 1685 946 1717 vel
988 1687 1174 1717 montanos
1217 1683 1350 1723 Scotos,
1392 1684 1444 1718 ita
1485 1685 1693 1718 crediderim

316 1741 352 1774 in
380 1751 421 1774 ea
450 1741 592 1786 regione
627 1741 728 1774 illum
764 1744 900 1780 natum,
936 1751 1025 1784 quae
1055 1745 1131 1774 tum
1163 1741 1297 1784 optima
1328 1740 1455 1774 Scotici
1485 1743 1585 1787 regni
1612 1754 1693 1786 pars

317 1802 416 1839 erat3
444 1798 593 1831 declives
624 1798 717 1831 enim
741 1802 774 1831 et
801 1797 988 1831 orientales
1014 1801 1147 1830 tractus
1174 1797 1265 1831 Picti
1292 1809 1333 1831 ea
1362 1802 1569 1842 tempestate
1595 1811 1695 1833 occu-

316 1854 458 1897 pabant.
511 1854 644 1887 Molan.
665 1853 776 1887 Indic.
796 1853 857 1887 SS.
878 1854 994 1899 Belgii
1012 1865 1092 1899 pag.
1110 1863 1208 1887 XLV.
1224 1866 1295 1888 non
1313 1859 1453 1888 tantum
1472 1855 1615 1889 Scotum
1633 1858 1694 1890 do-

315 1908 372 1943 'cet
390 1921 474 1950 esse,
493 1911 553 1943 sed
570 1922 669 1944 sacro
687 1910 784 1944 fonte
808 1915 1008 1954 susceptum
1035 1922 1056 1943 a
1081 1910 1114 1943 S.
1139 1911 1356 1956 Augustino,
1384 1911 1585 1957 Anglorum
1611 1924 1693 1957 apo-

318 1968 419 2001 stolo.
456 1967 566 2000 Plane
584 1968 713 2001 evincit
731 1968 823 2000 idem
840 1967 878 2000 in
896 1966 1028 2001 Chron.
1047 1966 1108 2001 SS.
1127 1967 1244 2012 Belgii
1262 1979 1342 2014 pag.
1367 1977 1544 2002 LXXXIII.
1565 1974 1586 1988 ‘⁶
1600 1970 1694 2003 Mul-

318 2023 345 2056 ti
365 2024 470 2057 etiam
489 2024 531 2056 de
549 2023 666 2057 Scotia
683 2025 739 2057 vel
758 2023 932 2057 Hibernia
949 2024 986 2056 in
1004 2023 1128 2057 Galliis
1152 2026 1427 2070 peregrinantes,
1455 2026 1601 2059 verbum
1625 2026 1692 2060 Dei

318 2080 548 2119 seminabant,
567 2082 789 2124 multumque
806 2080 961 2114 fructum
979 2080 1056 2114 Deo
1072 2080 1247 2114 faciebant
1264 2092 1327 2125 per
1344 2081 1583 2122 Hannoniam‚
1607 2084 1694 2117 Bra-

319 2137 487 2176 bantiam,
506 2137 723 2177 Flandriam,
745 2142 780 2171 et
803 2138 878 2170 loca
901 2138 1040 2171 vicina:
1067 2138 1222 2181 primum
1241 2138 1277 2172 S.
1296 2138 1447 2172 Livinus
1466 2140 1695 2183 archiepisco-

318 2205 395 2237 pus,
414 2194 475 2237 qui
494 2205 536 2227 ex
551 2194 666 2227 Scotia
682 2193 892 2227 Gandavum
907 2195 1035 2228 venit.’'
1078 2194 1308 2239 Persequitur
1325 2196 1449 2229 deinde
1467 2197 1508 2229 de
1527 2196 1586 2230 SS.
1606 2197 1694 2231 Fur-

319 2261 410 2290 sae0‚
441 2250 612 2290 Foillano,
639 2251 782 2290 Ultano,
809 2251 1048 2296 Fredegando,
1074 2251 1307 2296 lVasnulpho,
1339 2252 1483 2293 Ettone,
1514 2254 1575 2297 qui
1601 2255 1695 2298 apud

320 2306 481 2341 Avesnas
515 2308 751 2347 concionatus,
786 2308 970 2347 Bertuino,
1005 2309 1066 2352 qui
1101 2308 1294 2343 Maloniam
1329 2311 1580 2343 monasterium
1615 2322 1695 2344 con·

320 2364 419 2403 didit,
462 2364 626 2409 Eloquio,
669 2366 729 2408 qui
772 2363 1033 2398 walciodorum
1077 2364 1252 2405 fundavit,
1294 2367 1354 2410 qui
1397 2378 1516 2400 omnes
1559 2373 1695 2411 aposto-
