2060 2848
349 274 413 307 660
732 275 966 310 HISTORIA
990 275 1364 309 ECCLESIASTICA

351 370 445 406 Scot.
464 381 546 416 pag.
565 379 762 405 DLXXXII.
816 370 966 416 Scripsit
984 382 1069 405 vero

502 428 638 463 Contra
651 428 864 463 Buchanani
877 428 1071 475 Dialogum
1083 428 1127 462 de
1141 427 1268 474 Regno
1282 429 1342 463 lib.
1363 438 1388 463 1.
1436 429 1579 465 Laudat
1596 430 1634 463 in
1650 441 1749 475 prae-

548 485 683 520 satione
701 490 827 520 contra
844 485 1186 520 Monarchomachos
1205 485 1405 521 Gulielmus
1423 486 1620 522 Barclaius.

500 543 544 579 In
561 542 608 577 D.
628 543 784 578 Paulum
802 543 1068 578 Commentaria
1084 543 1145 578 lib.
1166 552 1192 577 1.
1347 543 1623 591 Epigrammata
1639 545 1700 579 lib.
1722 554 1747 579 1.

498 600 671 635 Poemata
687 600 748 635 lib.
769 610 796 635 1.
958 599 1015 634 De
1032 600 1155 635 Rebus
1173 602 1410 636 controversis
1428 603 1546 646 capita
1563 611 1747 637 LXXXIII.

547 658 755 703 publicavit,
776 658 827 692 ait
845 658 940 692 idem
956 656 1137 692 Leslaeus.
1189 657 1409 693 Prodierunt
1426 658 1667 694 Francofurti.

399 716 547 750 Parisiis
578 715 725 749 docebat
750 726 845 749 anno
872 723 1056 748 MDLxlx.
1088 715 1231 759 quando
1261 715 1401 757 obierit,
1432 720 1495 750 aut
1520 717 1663 761 quando
1689 717 1748 752 ab-

348 774 410 808 bas
428 773 570 813 sederit,
588 777 624 807 et
640 783 686 806 an
703 773 742 807 in
760 772 953 807 Germania
976 772 1176 812 excesserit,
1200 783 1247 806 an
1270 772 1310 808 in
1326 773 1454 818 patria,
1478 784 1545 818 pro
1567 779 1749 819 comperto

347 842 418 866 non
435 830 559 865 habeo.

705 947 1024 983 WILHELMUS
1049 946 1231 983 ABBAS.
1287 950 1399 987 1177.

347 1067 368 1082 “
394 1062 675 1104 WILHELMUS,
710 1063 819 1098 abbas
855 1072 916 1098 111.
952 1063 1193 1104 Melrosensis,
1231 1068 1421 1109 postquam
1457 1063 1595 1109 aliquot
1630 1075 1742 1099 annos

345 1121 540 1165 prudenter
579 1133 620 1155 ac
659 1127 780 1156 sancte
822 1133 954 1156 munus
997 1121 1263 1165 adimplevisset
1303 1133 1421 1162 suum,
1462 1133 1583 1156 curam
1623 1127 1742 1167 pasto-

345 1179 456 1212 ralem
499 1178 685 1213 humiliter
727 1178 898 1218 dimisit,''
940 1179 1059 1223 inquit
1097 1177 1386 1214 Scotichronicon
1424 1179 1485 1213 lib.
1530 1188 1619 1212 vul.
1664 1190 1741 1223 cap.

345 1244 430 1269 xlv·
474 1240 510 1270 et
553 1237 630 1281 ipso
671 1237 729 1271 die
770 1236 934 1281 precibus
971 1236 1085 1281 ipsius
1123 1235 1231 1270 abbas
1274 1241 1413 1272 creatus
1451 1240 1506 1270 est
1546 1235 1739 1271 Jocelinus.

344 1293 495 1339 Scripsit

493 1351 538 1386 In
556 1351 704 1386 Cantica
721 1351 920 1387 Salomonis
962 1351 1024 1386 lib.
1045 1360 1073 1385 Ι.
1171 1350 1227 1385 De
1244 1350 1370 1386 Officio
1387 1350 1558 1385 Monachi
1596 1351 1660 1386 lib.
1679 1360 1707 1385 1.

490 1409 550 1444 Ad
563 1409 587 1443 J
589 1421 739 1444 oannem
755 1409 980 1444 cardinalem
996 1409 1145 1449 Scotiae,
1159 1413 1195 1443 et
1214 1408 1411 1444 Hiberniae
1428 1408 1620 1455 Legatum,
1638 1409 1699 1443 lib.
1716 1417 1742 1443 1.

542 1467 833 1502 Scotichronicon
851 1467 912 1502 lib.
935 1476 1022 1501 vul.
1041 1477 1117 1511 cap.
1137 1475 1206 1502 Lx.

391 1526 525 1560 Curam
553 1525 699 1571 regendi
727 1525 935 1559 monasterii
964 1525 1102 1559 dimisit
1130 1535 1224 1558 anno
1253 1533 1417 1559 MCLxx.
1446 1524 1582 1559 decimo
1605 1525 1739 1559 calend.

342 1582 444 1617 Maii.
496 1582 590 1628 Ejus
609 1583 771 1627 exemplo
796 1586 818 1602 ‘⁶
836 1583 926 1616 alter
950 1582 1178 1623 Wilhelmus,
1203 1582 1362 1628 ejusdem
1385 1582 1512 1617 domus
1538 1582 1657 1622 abbas,
1682 1593 1743 1616 cu-

342 1652 418 1674 ram
436 1640 649 1685 pastoralem
668 1639 846 1684 reliquit,'’
863 1639 981 1685 inquit
998 1638 1287 1674 Scotichronicon
1304 1639 1396 1674 libro
1414 1647 1454 1673 x.
1480 1650 1557 1684 cap.
1582 1648 1737 1674 xxxm.

342 1698 409 1732 sub
426 1708 561 1732 annum
580 1705 819 1731 meeLxan

762 1811 1083 1848 WILHELMUS
1109 1810 1155 1846 E.
1208 1814 1317 1850 1178.

340 1928 621 1969 XVILHELMUS,
658 1928 843 1962 Moraviae
878 1928 1075 1973 episcopus,
1106 1928 1163 1962 vir
1196 1927 1389 1974 singularis
1425 1927 1531 1968 vitae,
1559 1928 1737 1963 maximae

339 1987 571 2033 integritatis,
604 1997 667 2020 nec
697 1987 847 2020 minoris
880 1986 1102 2027 eruditionis,
1132 1997 1205 2020 non
1235 1990 1377 2020 tantum
1416 1985 1623 2032 theologicis
1664 1992 1737 2021 stu-

340 2044 408 2078 diis
439 2044 668 2084 clarissimus,
695 2044 756 2078 sed
784 2044 892 2078 etiam
921 2043 1186 2088 philosophicis,
1217 2055 1297 2077 cum
1328 2043 1477 2078 Nicolao
1503 2043 1615 2090 Regis
1645 2043 1738 2078 Mal-

342 2102 445 2136 colmi
498 2101 692 2135 camerario
739 2101 874 2135 curiam
921 2100 1122 2149 Romanam
1168 2112 1213 2136 ex
1263 2107 1365 2146 parte
1413 2101 1508 2147 regis
1559 2102 1735 2143 visitavit,

339 2164 374 2193 et
424 2158 559 2203 Papam
602 2158 850 2193 Alexandrum
892 2157 1081 2204 Anagniae
1123 2164 1403 2193 commorantem
1452 2159 1631 2199 convenit,
1673 2160 1735 2194 ubi

338 2216 517 2250 mandatis
543 2217 707 2261 peractis,
730 2221 766 2251 et
787 2215 979 2251 honorifice
1001 2221 1186 2261 susceptus
1210 2216 1381 2251 Nicolaus
1403 2217 1577 2257 substitit,
1600 2221 1635 2251 et
1659 2229 1736 2252 ora-

338 2274 426 2308 toris
475 2275 570 2319 apud
611 2285 741 2319 papam
783 2285 971 2319 personam
1012 2275 1185 2309 sustinuit
1232 2273 1460 2315 Wilhelmus,
1511 2274 1649 2310 Scotiae
1700 2280 1736 2310 et

340 2331 534 2366 Hiberniae
561 2332 723 2379 legatus:
754 2332 792 2367 in
822 2332 975 2378 patriam
1002 2332 1182 2373 remissus,
1209 2343 1340 2379 magna
1365 2343 1446 2367 cum
1472 2332 1578 2367 laude
1603 2333 1641 2368 in
1667 2333 1737 2367 dif-
