2060 2848
672 314 848 349 GENTIS
870 315 1146 358 SCOTORUM,
1169 317 1259 351 LIB.
1283 318 1379 352 XVI.
1656 319 1716 351 561

628 464 956 502 ALEXANDER
979 466 1266 503 RAMSAYUS.
1319 469 1426 507 1049.

334 581 605 616 ALEXANDER
631 578 845 626 RamsayuS,
874 581 932 615 vir
961 581 1196 621 doctissimus,
1226 581 1265 616 in
1287 581 1404 627 patrio
1433 580 1717 617 Sanctandreano

333 638 521 684 gymnasio
545 638 762 683 praeclaram
778 637 919 673 -famam
942 638 988 673 ab
1004 638 1202 673 eruditione
1220 638 1364 683 accepit,
1381 636 1547 673 Andreae
1565 637 1716 674 Melvini

334 699 550 740 praeceptor.
603 694 753 739 Scripsit
797 719 798 722 η

481 752 718 798 Panegyricos
736 751 885 786 Latinos
1222 752 1282 787 lib.
1302 761 1327 786 1.

481 808 762 855 Castigationem
787 814 949 843 veterum
978 808 1144 855 Dionysii
1172 807 1454 844 Halicarnassaei
1478 808 1717 853 Interpretum

530 865 743 899 Latinorum
982 888 986 892 .
1218 865 1279 900 lib.
1299 875 1326 900 Ι.

480 921 594 956 Notas
611 922 649 956 in
667 921 713 956 D.
732 922 875 957 Paulini
892 921 1011 967 Opera
1219 923 1280 957 lib.
1300 931 1324 957 1.

339 994 341 996 >
383 979 484 1015 Obiit
501 988 594 1013 anno
612 976 811 1014 M'anxn.

787 1092 1105 1128 ROLLANDUS.
1158 1094 1264 1128 1050.

334 1208 603 1247 ROLLANDUS,
617 1206 800 1251 episcopus
818 1207 983 1242 Dolensis
997 1207 1138 1247 electus,
1156 1207 1194 1241 in
1213 1206 1367 1241 Scotiam
1387 1218 1408 1241 a
1425 1206 1537 1243 Lucio
1554 1208 1717 1252 pontifice

334 1265 378 1298 ad
401 1264 635 1298 Wilhelmum
661 1274 781 1310 regem
805 1261 912 1309 super
936 1264 1088 1310 negotiis
1111 1263 1260 1298 Joannis
1287 1268 1322 1298 et
1349 1263 1515 1310 Hugonis
1541 1265 1717 1309 episcopa·

334 1327 412 1355 tum
430 1319 466 1354 S.
484 1320 649 1355 Andreae
667 1321 733 1354 sibi
752 1321 1021 1355 vindicantium.
1065 1320 1197 1367 Roger.
1216 1321 1259 1355 de
1283 1320 1456 1356 Hoveden
1473 1320 1604 1356 Annal.
1623 1326 1715 1365 part.

337 1386 378 1412 11.
397 1388 476 1424 pag.
494 1386 642 1411 cccm1.
694 1376 844 1421 Scripsit

482 1434 662 1479 Epistulas
679 1433 725 1468 ad
741 1433 894 1467 Lucium
912 1431 1047 1479 Papam
1220 1433 1281 1469 lib.
1302 1442 1328 1468 1.

384 1491 550 1525 Florebat
567 1502 660 1526 anno
678 1499 915 1525 MCLXXXVI.

788 1603 1106 1639 ROLLANDUS.
1159 1606 1251 1639 1051
1258 1628 1267 1638 .

335 1721 603 1759 ROLLANDUS,
637 1719 857 1754 subdecanus
892 1719 1055 1753 ecclesiae
1088 1718 1323 1760 Glascuensis,
1368 1719 1424 1753 vir
1459 1719 1540 1763 pius
1573 1723 1609 1752 et
1643 1729 1715 1753 mo-

334 1777 489 1815 demtus,
520 1780 566 1816 et,
596 1779 637 1810 ut
666 1779 765 1820 puto,
796 1775 842 1809 D.
874 1775 1054 1810 Dominici
1087 1776 1250 1810 habitum
1283 1776 1440 1815 indutus,
1472 1777 1586 1809 clarus
1617 1786 1713 1809 secu-

335 1832 468 1867 laribus
502 1833 668 1873 scientiis,
706 1832 766 1865 sed
805 1833 920 1866 multo
962 1832 1136 1867 illustrior
1176 1832 1381 1878 theologicis
1424 1832 1563 1871 studiis,
1607 1832 1714 1875 scrip-

335 1889 383 1923 sit

484 1946 538 1979 De
555 1945 773 1979 Dilatatione
791 1945 937 1979 Ordinis
954 1944 988 1978 S.
1005 1943 1182 1979 Dominici
1266 1944 1326 1978 lib.
1347 1953 1371 1977 1.

483 2002 717 2042 Quaestiones
735 2002 863 2035 arduas
1264 2001 1325 2035 lib.
1346 2009 1370 2034 1.

483 2058 748 2092 Resolutorium
766 2057 1029 2092 Sententiarum
1267 2057 1327 2091 lib.
1347 2065 1400 2090 IV.
1516 2056 1714 2091 Richardus

531 2114 677 2148 Brunus
694 2115 731 2148 in
750 2114 980 2148 collectaneis

385 2171 526 2207 Floruit
550 2182 642 2205 anno
669 2179 952 2204 MCCCCLXXXI.
977 2175 1012 2205 et
1034 2170 1091 2204 die
1109 2178 1229 2204 XXIX.
1247 2169 1406 2216 Augusti
1424 2171 1540 2205 locum
1558 2171 1714 2216 assigna-

337 2230 390 2264 vit
415 2229 521 2263 tertio
547 2228 662 2262 ordini
685 2227 721 2261 S.
740 2227 918 2262 Dominici
944 2227 1151 2274 Registrum
1177 2226 1295 2262 Patris
1321 2226 1514 2268 Generalis,
1542 2232 1577 2262 et
1603 2238 1646 2261 ex
1672 2238 1712 2261 eo

336 2285 360 2319 J
362 2296 491 2321 oannes
509 2285 662 2320 Michael
680 2283 835 2318 Plodius.
