2060 2848
651 301 826 335 GENTIS
851 300 1125 339 SCOTORUM,
1151 300 1239 333 LIB.
1264 300 1359 333 XVI.
1633 301 1696 332 577

316 407 384 437 cas,
402 397 440 431 in
457 395 586 441 quibus
602 394 705 429 facile
721 406 763 429 eo
779 395 895 429 seculo
912 394 1073 439 princeps
1088 393 1293 429 habebatur.
1346 393 1493 438 Scripsit

461 451 596 486 Canisii
614 451 855 485 Cathechismi
872 450 1081 485 Versionem
1098 449 1233 485 Scotice
1348 450 1409 484 lib.
1429 458 1454 484 1.

461 507 719 542 Kalendarium
736 507 798 541 SS.
818 506 1003 542 Scotorum
1344 507 1406 541 lib.
1426 515 1451 540 1.

459 565 514 599 De
532 564 739 599 Kalendarii
757 564 981 598 Cor-rectione
1347 563 1408 598 lib.
1428 572 1453 597 1.

459 620 514 655 De
532 621 687 656 Theoria
706 622 936 655 Planetarum
1347 620 1408 655 lib.
1429 629 1453 654 1.

459 678 753 723 Supplementum
772 678 949 723 Sphaerae
966 676 1176 711 Buchanani
1346 677 1407 711 lib.
1426 686 1452 711 1.
1487 678 1626 723 elegans
1661 683 1696 711 et

509 735 689 770 eruditum
718 745 819 780 opus,
850 735 1014 779 quodque
1042 734 1081 768 in
1110 733 1286 769 Parnasso
1311 734 1427 769 medio
1452 738 1577 769 natum
1602 734 1695 768 docti

508 792 727 827 existimant.

459 848 684 895 Ἐτιβατῆξιον
701 848 793 895 Regi
1346 849 1406 883 lib.
1426 858 1451 882 1.

361 906 470 941 Venit
496 907 534 940 in
560 906 774 940 academiam
799 905 1036 939 Parisiensem
1059 915 1152 939 anno
1177 913 1403 940 MDLXXXV.
1455 905 1556 939 Vivit
1582 905 1695 939 adhuc.

314 962 539 1009 Edimburgi,
558 967 593 997 et
611 963 649 997 in
665 962 763 997 senio
779 962 919 996 erudito
936 961 1097 996 advocati
1115 972 1245 996 munus
1264 962 1415 1007 gloriose
1434 962 1568 1006 implet.

754 1074 796 1108 P.
822 1073 1088 1109 ROSSETUS.
1144 1076 1251 1112 1091.

315 1190 356 1223 Ρ.
390 1190 607 1229 ROSSETUS,
638 1190 810 1225 bonarum
839 1188 971 1223 artium
996 1187 1161 1222 Lutetiae
1190 1189 1322 1228 doctor,
1352 1189 1451 1223 varia
1482 1189 1601 1230 edidit,
1629 1201 1694 1236 ego

315 1257 427 1290 pauca
445 1247 518 1280 vidi
534 1257 543 1286 ;
571 1246 609 1279 in
626 1246 692 1285 his,

457 1302 610 1336 Carmen
627 1302 780 1346 Epicum
797 1302 841 1335 de
857 1300 976 1335 Leone
993 1300 1178 1336 Scotorum
1196 1301 1337 1348 Regum
1354 1302 1486 1348 insigni
1503 1303 1562 1337 lib.
1584 1312 1607 1336 1.

460 1359 653 1404 Epitomen
671 1358 812 1404 Regum
829 1357 1015 1392 Scotorum
1064 1358 1124 1392 lib.
1146 1367 1171 1391 Ι.
1196 1369 1302 1393 versu
1318 1370 1402 1393 sane
1419 1360 1669 1394 venustissimo
1684 1370 1692 1392 :

508 1417 708 1450 adolescens
726 1414 840 1449 Duaci
858 1414 944 1454 vidi,
970 1425 1034 1448 nec
1056 1418 1178 1459 postea
1203 1414 1292 1448 mihi
1317 1415 1417 1459 copia
1442 1415 1518 1460 ejus
1536 1427 1693 1460 unquam

505 1472 525 1506 f
602 1497 611 1506 .

460 1477 640 1574 Epizztotlas
666 1529 712 1563 ad
739 1529 897 1563 diversos
926 1528 987 1562 lib.
1007 1536 1032 1562 1.
1054 1528 1115 1562 sed
1140 1528 1294 1562 maxime
1319 1528 1364 1562 ad
1391 1528 1579 1564 Hectorem
1604 1530 1695 1563 Boe-

506 1587 635 1621 thium.

361 1643 502 1679 Floruit
518 1654 612 1679 anno
630 1652 797 1678 MDXXV.

592 1755 838 1791 ANDREAS
863 1755 1245 1791 ROBERTSONUS.
1299 1759 1404 1795 1092.

312 1871 513 1905 ANDREAS
538 1870 780 1905 Robertsonus
803 1880 933 1915 magno
957 1870 1099 1903 nomine
1123 1869 1275 1913 patriam
1300 1880 1399 1904 suam
1426 1871 1628 1910 illustravit,
1655 1877 1689 1904 et

313 1929 425 1962 multa
444 1938 549 1960 versu
565 1937 739 1971 prosaque
757 1926 888 1966 edidit3
915 1936 981 1971 ego
997 1930 1138 1959 tantum
1155 1925 1230 1958 vidi

462 1983 743 2027 Epithalamium
761 1982 785 2015 J
786 1982 884 2016 acobi
901 1981 965 2016 VI.
984 1986 1019 2015 et
1036 1980 1162 2016 Annae
1180 1981 1363 2016 Scotorum
1381 1982 1520 2028 Regum
1539 1983 1597 2016 lib.
1620 1993 1642 2016 1.

364 2040 464 2074 Obiit
482 2039 696 2085 Edimburgi
715 2049 809 2074 anno
828 2046 986 2073 MDXCV.

606 2150 829 2186 JACOBUS
854 2150 1231 2185 ROBERTSONUS.
1287 2153 1391 2189 1093.

315 2266 339 2300 J
341 2274 494 2301 ACOBUS
533 2265 776 2300 Robertsonus
813 2263 1085 2304 Aberdonensis,
1123 2265 1313 2309 puerilium
1355 2276 1512 2300 meorum
1556 2267 1688 2301 studio-

314 2335 394 2358 rum
436 2324 578 2368 collega,
620 2333 701 2357 cum
744 2322 781 2356 in
822 2321 938 2366 patria
983 2320 1114 2367 insigni
1160 2321 1343 2366 utriusque
1389 2322 1530 2368 linguae
1572 2324 1688 2369 cogni-

974 2379 997 2411 2
1016 2385 1039 2410 L
