2060 2848
375 327 460 360 516*
769 328 1001 362 HISTORIA
1026 329 1400 364 ECCLESIASTICA

379 422 593 458 Bucholzeri
612 422 733 457 Indice
752 424 956 470 chronolog.
976 436 1057 471 pag.
1077 434 1247 460 CCLXXI.
1272 425 1428 460 Joannes
1447 425 1617 460 Leslaeus
1640 427 1702 461 lib.
1723 435 1777 461 IV.

379 492 460 527 pag.
481 490 674 515 CXXXVII.
726 480 933 528 Sigebertus
952 481 1215 517 Gemblacensis
1233 484 1270 517 in
1290 483 1489 518 Chronico:
1517 489 1538 503 “
1557 483 1780 519 Coelestinus

378 550 471 584 papa
501 539 545 573 ad
577 539 700 574 Scotos
730 540 769 573 in
800 539 985 574 Christum
1021 541 1202 575 credentes
1238 541 1443 575 Palladium
1473 542 1629 586 primum
1666 543 1779 577 mittit

379 597 616 641 episcopum.’'
658 597 760 644 Ergo
774 602 857 632 ante
874 597 970 632 illius
989 599 1183 632 adventum
1202 597 1298 632 Scoti
1316 599 1355 632 in
1374 599 1559 633 Christum
1577 600 1778 634 credebant.

377 654 460 689 Ado
478 655 692 690 Viennensis
710 656 748 689 in
766 655 944 690 Chronico
961 660 1078 690 aetate
1097 664 1150 689 vl.
1177 660 1199 675 “
1217 655 1331 690 Scotis
1350 656 1536 690 Christum
1555 658 1780 692 credentibus

377 713 563 747 ordinatus
594 725 615 747 a
642 713 741 757 Papa
769 713 970 747 Coelestino
996 711 1178 746 Palladius
1209 714 1348 757 primus
1374 714 1560 758 episcopus
1586 714 1780 749 mittitur.'’

377 769 600 804 Venerabilis
624 770 724 804 Beda
748 770 852 804 libro.
871 779 897 803 Ι.
926 770 1065 804 Histor.
1092 769 1362 804 Ecclesiasticae
1388 769 1494 804 Gent.
1521 770 1673 817 Anglor.
1700 783 1776 817 cap.

379 837 471 862 XIII.
499 828 601 873 cujus
627 829 756 861 lemma
782 831 846 866 est,
865 831 887 845 ‘⁶
910 826 1092 860 Palladius
1117 826 1161 859 ad
1189 826 1313 860 Scotos
1334 827 1412 872 jam
1439 828 1620 862 credentes
1647 830 1778 864 venit.’'

378 886 586 930 Sequuntur
603 885 729 918 deinde
743 894 751 918 z
771 889 792 903 ‘⁶
802 883 911 917 Anno
925 883 1135 918 Dominicae
1150 884 1413 918 Incarnationis
1425 886 1779 931 quadringentesimo

377 943 551 989 vigesimo
577 942 684 976 tertio
715 941 938 975 Theodosius
960 941 1096 987 junior,
1123 946 1204 986 post
1231 941 1448 983 Honorium,
1481 943 1777 989 quadragesimus

376 1000 525 1045 quintus
539 1000 584 1034 ab
598 999 778 1045 Augusto,
791 1010 941 1045 regnum
954 999 1161 1043 suscipiens,
1174 1000 1304 1045 viginti
1324 1004 1359 1034 et
1373 1004 1508 1044 septem
1522 1001 1626 1034 annis
1639 999 1777 1049 tenuit}

376 1059 479 1104 cujus
497 1058 598 1104 regni
617 1068 710 1091 anno
737 1062 863 1091 octavo
890 1056 1073 1090 Palladius
1097 1057 1142 1090 ad
1166 1056 1289 1091 Scotos
1315 1057 1354 1090 in
1380 1057 1567 1092 Christum
1591 1059 1775 1094 credentes

376 1128 397 1150 a
414 1115 579 1160 pontifice
598 1115 781 1149 Romanae
800 1115 964 1148 ecclesiae
982 1114 1184 1148 Coelestino
1206 1115 1344 1159 primus
1367 1115 1529 1149 mittitur
1554 1116 1777 1161 episcopus.”

377 1174 515 1208 Eadem
551 1173 782 1207 Hermannus
814 1172 1038 1206 Contractus.
1100 1172 1227 1207 Comes
1261 1171 1496 1219 Veringensis
1526 1173 1564 1207 in
1596 1173 1776 1210 Chronico

377 1233 499 1267 eodem
518 1241 632 1266 anno:
652 1236 673 1250 “
692 1230 873 1264 Palladius
892 1230 1077 1275 episcopus
1096 1241 1117 1263 a
1135 1230 1336 1264 Coelestino
1362 1241 1456 1275 papa
1481 1231 1525 1265 ad
1552 1231 1675 1266 Scotos
1696 1232 1775 1277 jam

375 1291 520 1326 Christo
538 1290 718 1323 credentes
737 1288 895 1322 mittitur
908 1286 943 1330 ;''
965 1288 1102 1332 primus
1121 1287 1306 1331 episeopus
1324 1287 1457 1321 scilicet
1474 1287 1611 1323 Romae
1633 1290 1775 1324 ordina-

375 1354 445 1389 tus,
476 1352 518 1382 ut
545 1346 724 1386 admonui,
751 1356 834 1379 nam
861 1345 923 1379 diu
949 1350 1032 1379 ante
1059 1345 1241 1389 episcopos
1267 1355 1350 1378 suos
1379 1344 1519 1379 Scotica
1544 1347 1689 1380 ecclesia
1714 1347 1776 1382 ha-

374 1406 490 1447 bebat,
508 1410 550 1439 ut
568 1416 611 1438 ex
629 1403 820 1448 Apparatu
837 1407 960 1437 nostro
980 1402 1163 1436 Historico
1180 1403 1304 1447 liquet.
1359 1402 1547 1437 Marianus
1566 1403 1693 1438 Scotus
1711 1406 1773 1440 lib.

376 1474 418 1498 11.
446 1467 561 1498 aetate
580 1471 633 1495 VI.
657 1461 857 1495 consentit:
889 1465 911 1480 “
929 1459 989 1494 Ad
1016 1459 1139 1494 Scotos
1165 1460 1203 1493 in
1231 1459 1417 1494 Christum
1435 1462 1616 1496 credentes
1635 1473 1656 1496 a
1674 1462 1774 1507 Papa

375 1521 575 1556 Coelestino
593 1519 776 1553 Palladius
794 1518 979 1563 episcopus
998 1518 1136 1562 primus
1154 1518 1285 1552 missus
1309 1518 1395 1552 est.’'
1448 1518 1603 1553 Concors
1621 1525 1675 1554 est
1693 1531 1773 1555 nos-

374 1580 522 1614 tratium
535 1578 716 1612 annalium
729 1577 826 1610 fides.
851 1576 1130 1620 Appositissime
1145 1575 1250 1609 Hect.
1267 1575 1395 1610 Boeth.
1409 1576 1469 1610 lib.
1484 1585 1554 1610 V11.
1571 1576 1771 1612 Hist.Scot.

374 1639 412 1671 in
430 1637 519 1670 fine:
556 1639 576 1655 “
597 1635 695 1669 Inter
716 1638 892 1668 nostrates
918 1631 1098 1668 Palladius
1125 1633 1310 1677 episcopus
1337 1645 1359 1667 a
1376 1633 1578 1668 Coelestino
1603 1635 1769 1678 pontifice

374 1695 531 1729 maximo
549 1694 593 1727 ad
608 1692 730 1727 Scotos
749 1692 786 1725 in
801 1691 986 1726 Christum
1000 1691 1180 1725 credentes
1195 1691 1336 1731 missuS,
1347 1696 1389 1725 ut
1404 1691 1633 1737 Pelagianam
1648 1693 1770 1728 haere-

374 1754 453 1792 sim,
471 1763 561 1797 quae
574 1751 649 1796 jam
666 1761 832 1795 magnam
845 1749 1055 1784 Britanniae
1072 1753 1210 1793 partem
1228 1748 1409 1788 infecerat,
1424 1760 1445 1782 a
1459 1748 1645 1783 Scotorum
1663 1756 1769 1796 gente

373 1816 517 1849 arceret,
544 1809 786 1853 populumque
816 1808 860 1841 ad
888 1818 1008 1841 veram
1035 1807 1216 1850 pietatem,
1245 1818 1266 1840 a
1291 1817 1363 1851 qua
1394 1807 1564 1841 continua
1596 1807 1768 1842 bellorum

373 1868 559 1901 atrocitate
576 1867 721 1910 paulum
742 1865 978 1903 aberraverat,
997 1864 1066 1898 rite
1080 1864 1274 1898 reduceret.
1319 1863 1412 1898 Erat
1430 1863 1612 1899 Palladius
1630 1866 1768 1909 primus

373 1926 544 1964 omnium,
557 1924 618 1969 qui
631 1934 769 1957 sacrum
782 1923 875 1956 inter
887 1922 1009 1956 Scotos
1021 1933 1124 1967 egere
1138 1922 1401 1967 magistratum,
1416 1933 1437 1955 a
1451 1933 1590 1956 :ummo
1604 1923 1769 1967 pontifice

373 1984 556 2027 episcopus
574 1986 722 2020 creatus,
750 1991 860 2025 quum
879 1987 983 2014 antea
1000 1980 1123 2024 populi
1149 1979 1330 2025 suffragiis
1354 1990 1398 2014 ex
1416 1980 1599 2013 monachis
1622 1986 1657 2015 et
1684 1981 1768 2015 Cul-

374 2041 447 2075 deis
462 2038 645 2084 pontifices
659 2042 934 2072 assumerentur.
966 2037 1001 2071 Is
1013 2037 1161 2071 utilibus
1176 2048 1216 2071 ac
1230 2037 1298 2081 piis
1310 2037 1538 2071 concionibus
1550 2037 1672 2072 Scotos
1687 2039 1767 2073 Pic-

373 2105 498 2143 tosque
520 2109 539 2130 a
557 2096 770 2141 quibusdam
802 2095 1126 2140 superstitiunculis
1152 2095 1416 2140 gentilibusque
1440 2094 1580 2135 ritibus,
1606 2096 1765 2130 nondum

373 2158 409 2190 in
436 2156 505 2189 illis
530 2154 670 2198 populis
689 2158 770 2198 post
788 2154 947 2187 relictam
966 2153 1203 2186 idololatriam
1223 2153 1480 2192 exterminatis,
1499 2153 1693 2198 purgavit3
1721 2153 1766 2187 ob

372 2224 459 2258 quas
478 2224 532 2246 res
552 2214 736 2245 Scotorum
752 2210 948 2255 Apostolus
963 2221 983 2244 a
997 2212 1205 2254 posteritate
1217 2215 1271 2244 est
1283 2211 1494 2255 appellatus.
1534 2210 1620 2243 Post
1632 2211 1764 2244 multos

373 2271 514 2304 tandem
544 2270 618 2313 pios
646 2269 802 2309 sudores,
833 2280 872 2302 ac
898 2268 1065 2313 religiosa
1090 2279 1197 2312 opera
1223 2267 1358 2302 Christi
1389 2268 1518 2313 dogma
1545 2268 1763 2311 propalando

372 2339 437 2371 pro
470 2327 672 2360 mortalium
709 2327 823 2360 salute
858 2326 1028 2370 impensa,
1064 2324 1225 2359 Forduni
1258 2325 1352 2370 (vico
1386 2325 1424 2358 in
1458 2324 1600 2357 Mernia
1634 2336 1763 2359 nomen

372 2387 440 2430 est)
474 2384 716 2418 beatissimum
749 2383 856 2429 hujus
889 2384 983 2417 vitae
1015 2383 1151 2416 exitum
1182 2384 1342 2423 sortitus,
1373 2381 1457 2415 fatis
1488 2382 1669 2422 concessit,
1700 2382 1761 2416 ubi

371 2454 489 2477 sacrae
507 2442 583 2487 ejus
610 2441 789 2486 reliquiae,
812 2441 849 2475 in
871 2441 985 2475 multo
1007 2440 1150 2474 habitae
1172 2440 1304 2474 honore
1325 2451 1345 2474 a
1367 2439 1490 2474 multis
1517 2439 1601 2474 illuc
1622 2440 1764 2486 religio-
