2060 2848
668 265 843 298 GENTIS
865 265 1139 305 SCOTORUM,
1164 266 1252 299 LIB.
1278 267 1390 299 XVII.
1659 267 1722 297 603

341 360 482 394 dotibus
501 359 591 405 Regi
609 357 633 392 J
634 359 741 393 acobo
758 358 961 393 carissimus
977 359 1059 394 fuit.
1111 360 1260 404 Scripsit

487 415 691 460 Rhythmos
718 415 904 449 vernacule
928 415 989 449 lib.
1013 424 1039 449 1.
1090 416 1259 450 Carmina
1285 417 1467 456 amatoria,
1497 422 1538 450 ut
1569 417 1716 460 Proper-

536 472 578 506 tii
601 471 822 517 sanguinem,
847 471 982 505 Tibulli
999 472 1063 511 lac,
1081 471 1203 505 Ovidii
1220 473 1300 512 mel,
1318 472 1525 507 Callimachi
1543 473 1715 511 sudorem,

534 539 700 573 aequasse
718 529 894 573 plerisque
912 528 1023 562 doctis
1041 527 1215 568 videatur,
1232 528 1292 562 lib.
1314 537 1337 562 1.

387 585 487 620 Obiit
504 596 597 620 anno
616 593 773 619 MDxev.

827 675 1072 734 SIDONIUS.
1125 701 1230 737 1087.

338 814 544 855 S1DON1Us,
568 825 630 849 seu
653 813 831 854 Setonius,
855 824 979 848 revera
1003 812 1211 854 Cobrethus,
1239 813 1544 861 Edimburgensis,
1571 817 1713 861 quidam

335 871 462 906 Scotus
489 871 798 906 alchimisticarum
826 881 956 911 rerum,
980 871 1139 905 omnium
1165 871 1226 915 qui
1250 872 1389 912 vivunt,
1419 876 1461 906 ut
1488 873 1600 913 aiunt,
1624 874 1714 918 peri-

336 929 506 968 tissimus,
524 929 562 962 in
579 929 700 962 multis
725 927 890 972 Europae
913 928 998 962 locis
1025 939 1082 961 aes
1108 932 1170 962 aut
1195 932 1363 963 stannum
1387 930 1424 963 in
1447 940 1574 964 aurum
1597 929 1714 964 infuso

335 987 489 1030 quodam
519 987 663 1030 pulvere
693 984 808 1019 fertur
832 985 1067 1019 convertisse:
1095 984 1186 1018 vidit
1209 990 1245 1019 et
1267 985 1372 1020 fidem
1397 987 1528 1020 astruit
1552 986 1712 1021 Andreas

334 1042 519 1082 Ablavius‚
534 1042 689 1076 medicus
700 1041 861 1087 insignis.
897 1041 1046 1085 Neapoli
1060 1045 1142 1075 ante
1156 1050 1224 1075 XV.
1240 1053 1350 1076 annos
1363 1043 1502 1088 insigne
1517 1043 1603 1077 artis
1619 1043 1712 1077 illius

335 1099 614 1143 experimentum
633 1098 754 1138 edidit,
772 1102 895 1131 auctor
911 1097 993 1132 libri
1011 1098 1066 1131 cui
1079 1098 1205 1132 titulus
1220 1096 1352 1144 Imago
1365 1097 1463 1132 Soli-s·
1475 1097 1592 1133 Puteo
1605 1111 1715 1133 emer-

328 1155 460 1202 gentis.
514 1155 606 1190 Sunt
622 1155 717 1200 apud
734 1155 922 1188 nonnullos
946 1154 1155 1188 Germaniae
1180 1155 1355 1199 principes
1381 1157 1531 1190 laminae
1557 1168 1600 1189 ex
1626 1168 1712 1190 auro

333 1213 523 1258 purissimo
553 1216 628 1246 arte
658 1212 752 1245 illius
783 1215 939 1245 mutatae
967 1221 1011 1244 ex
1035 1222 1125 1251 aere,
1152 1216 1186 1245 et
1212 1212 1249 1245 in
1275 1212 1413 1256 porticu
1440 1212 1645 1247 Florentina
1675 1215 1712 1247 in

334 1271 472 1304 cimelio
490 1269 616 1315 Magni
634 1268 744 1302 Ducis
763 1268 957 1302 industriae
974 1268 1086 1312 ipsius
1104 1272 1210 1303 testes
1229 1269 1318 1302 duae
1334 1269 1496 1309 laminae,
1520 1281 1607 1313 quas
1632 1282 1711 1304 cum

332 1338 376 1361 ex
393 1326 537 1371 plumbo
554 1325 743 1370 liquefacto
760 1324 910 1364 fecisset,
929 1325 1145 1369 inspectante
1163 1337 1203 1359 ac
1220 1326 1373 1360 multum
1397 1326 1594 1360 admirante
1618 1328 1712 1361 auri-

332 1384 405 1424 fice,
435 1394 479 1417 ex
506 1383 641 1417 officina
667 1394 703 1416 se
733 1382 913 1421 subduxit,
944 1393 1007 1416 nec
1031 1387 1154 1426 postea
1179 1383 1217 1417 in
1246 1383 1332 1417 urbe
1362 1394 1425 1417 nec
1451 1384 1546 1429 agris
1572 1385 1709 1428 uspiam

331 1442 509 1475 inventus.
560 1440 720 1484 Raphael
737 1438 890 1484 Eglivus
911 1438 1051 1473 Icovius
1074 1440 1194 1474 laudat
1215 1440 1325 1485 epigr.
1357 1437 1467 1473 Alter
1492 1437 1605 1474 Iason
1628 1439 1710 1481 eris,

331 1495 450 1543 qualis
467 1495 639 1531 Sidonius
657 1499 779 1542 estque
796 1494 1008 1529 Ramsaeus.
1061 1496 1209 1540 Scripsit

476 1553 530 1587 De
548 1552 746 1587 Alchimiae
766 1564 868 1586 verae
886 1552 1098 1587 Rationibus
1116 1564 1156 1586 ac
1173 1552 1403 1598 Experientia
1483 1554 1542 1587 lib.
1564 1564 1588 1587 1.

479 1610 533 1644 De
552 1610 699 1654 Lapidis
718 1609 958 1653 Philosophici
976 1609 1238 1654 Compositione
1482 1611 1541 1644 lib.
1563 1621 1586 1644 1.

379 1669 530 1703 Tolosae
547 1669 719 1712 quaedam
742 1668 830 1702 mihi
855 1668 1020 1707 ostendit,
1047 1667 1107 1700 sed
1133 1667 1253 1701 statim
1279 1667 1477 1712 poenituit:
1504 1672 1540 1701 at
1566 1668 1631 1702 hoc
1656 1681 1710 1702 so·

331 1728 405 1760 lum
423 1736 467 1759 ex
484 1736 525 1758 eo
550 1725 649 1765 scivi,
677 1725 875 1759 libertatem
900 1735 980 1758 eum
1007 1735 1093 1757 auro
1110 1724 1170 1758 illo
1188 1724 1265 1768 ipso
1282 1724 1453 1758 cariorem
1472 1724 1609 1764 habere,
1632 1726 1709 1758 ideo

330 1794 394 1817 nec
412 1783 499 1816 velle
516 1782 716 1826 principum
734 1791 952 1826 congressus,
970 1790 1034 1814 nec
1050 1784 1235 1823 potentum
1254 1781 1437 1815 amicitias.

378 1839 481 1873 Vivit
498 1838 612 1872 adhuc
638 1837 766 1871 alicubi
792 1847 915 1882 vagus,
943 1844 978 1870 et
1003 1837 1039 1869 in
1066 1836 1127 1869 illa
1152 1837 1229 1880 ipsa
1254 1841 1465 1881 quaestuosa
1492 1837 1706 1880 professione

330 1908 474 1941 pauper.
518 1894 653 1928 Audivi
670 1895 708 1928 in
727 1893 891 1927 Insubria
904 1905 925 1927 a
937 1893 1085 1932 duobus,
1104 1893 1142 1926 in
1159 1892 1270 1927 Gallis
1288 1894 1326 1926 in
1343 1893 1402 1927 via
1420 1893 1653 1934 interfectum,
1672 1901 1705 1929 et

329 1953 521 1988 homicidas
539 1963 600 1995 spe
618 1951 780 1985 inductos
798 1954 909 1984 artem
928 1961 971 1983 ex
989 1949 1128 1994 scriptis
1147 1949 1256 1993 ipsius
1283 1950 1523 1996 cognoscendi,
1551 1952 1643 1993 quod
1671 1958 1704 1986 ct

329 2011 408 2055 ipsi,
427 2010 514 2044 furti
535 2008 649 2052 Aquis
668 2007 799 2041 Sext-iis
817 2007 933 2046 evicti,
952 2007 1018 2041 sub
1036 2006 1135 2040 furca
1152 2006 1225 2040 sint
1242 2005 1337 2040 fassi.

630 2103 860 2156 JOANNES
886 2103 1170 2137 SUNAGHAM
1198 2103 1242 2137 Ε.
1296 2106 1401 2138 1088.

328 2180 518 2214 JOANNES
548 2178 753 2224 Sunagham
783 2177 984 2216 Carmelita,
1016 2182 1056 2211 ut
1086 2177 1190 2211 habet
1217 2177 1253 2210 in
1280 2176 1478 2211 Annalibus
1505 2190 1566 2212 seu
1593 2178 1703 2212 Chro-

329 2237 417 2271 nicis
460 2236 593 2271 ordinis
635 2235 688 2270 sui
733 2234 859 2269 Petrus
902 2233 1058 2269 Thomas
1101 2233 1303 2273 Saracenus,
1338 2232 1373 2267 S.
1410 2234 1604 2280 theologiae
1645 2236 1703 2268 do-
