<?xml version="1.0" encoding="UTF-8"?>
<!DOCTYPE html PUBLIC "-//W3C//DTD XHTML 1.0 Transitional//EN"
    "http://www.w3.org/TR/xhtml1/DTD/xhtml1-transitional.dtd">
<html xmlns="http://www.w3.org/1999/xhtml" xml:lang="en" lang="en">
 <head>
  <title>
</title>
<meta http-equiv="Content-Type" content="text/html;charset=utf-8" />
  <meta name='ocr-system' content='tesseract 3.04.00' />
  <meta name='ocr-capabilities' content='ocr_page ocr_carea ocr_par ocr_line ocrx_word'/>
</head>
<body>
  <div class='ocr_page' id='page_1' title='image "./thomaedempster2102dempuoft_0150.png"; bbox 0 0 2060 2848; ppageno 0'>
   <div class='ocr_carea' id='block_1_1' title="bbox 389 321 1401 355">
    <p class='ocr_par' dir='ltr' id='par_1_1' title="bbox 389 321 1401 355">
     <span class='ocr_line' id='line_1_1' title="bbox 389 321 1401 355; baseline 0 -1"><span class='ocrx_word' id='word_1_1' title='bbox 389 323 452 354; x_wconf 83' lang='lat'>480</span> <span class='ocrx_word' id='word_1_2' title='bbox 769 321 1002 355; x_wconf 90' lang='lat' dir='ltr'><strong>HISTORIA</strong></span> <span class='ocrx_word' id='word_1_3' title='bbox 1026 322 1401 355; x_wconf 88' lang='lat' dir='ltr'>ECCLESIASTICA</span> 
     </span>
    </p>
   </div>
   <div class='ocr_carea' id='block_1_2' title="bbox 387 415 1787 636">
    <p class='ocr_par' dir='ltr' id='par_1_2' title="bbox 387 415 1787 636">
     <span class='ocr_line' id='line_1_2' title="bbox 441 415 1786 462; baseline -0.001 -11"><span class='ocrx_word' id='word_1_4' title='bbox 441 417 609 452; x_wconf 85' lang='lat' dir='ltr'>Florebat</span> <span class='ocrx_word' id='word_1_5' title='bbox 626 428 719 452; x_wconf 89' lang='lat' dir='ltr'>anno</span> <span class='ocrx_word' id='word_1_6' title='bbox 739 426 923 452; x_wconf 84' lang='lat' dir='ltr'>Mcccxx.</span> <span class='ocrx_word' id='word_1_7' title='bbox 941 421 983 451; x_wconf 87' lang='lat' dir='ltr'>ut</span> <span class='ocrx_word' id='word_1_8' title='bbox 1008 417 1182 462; x_wconf 86' lang='lat' dir='ltr'><strong>receptior</strong></span> <span class='ocrx_word' id='word_1_9' title='bbox 1207 416 1365 462; x_wconf 88' lang='lat' dir='ltr'>praefert</span> <span class='ocrx_word' id='word_1_10' title='bbox 1390 416 1577 451; x_wconf 85' lang='lat' dir='ltr'>sententia.</span> <span class='ocrx_word' id='word_1_11' title='bbox 1631 415 1706 450; x_wconf 92' lang='lat' dir='ltr'>Alii</span> <span class='ocrx_word' id='word_1_12' title='bbox 1733 428 1786 451; x_wconf 88' lang='lat' dir='ltr'>re-</span> 
     </span>
     <span class='ocr_line' id='line_1_3' title="bbox 387 473 1787 521; baseline -0.001 -12"><span class='ocrx_word' id='word_1_13' title='bbox 387 475 519 520; x_wconf 84' lang='lat' dir='ltr'>jiciunt</span> <span class='ocrx_word' id='word_1_14' title='bbox 536 475 574 509; x_wconf 88' lang='lat' dir='ltr'>in</span> <span class='ocrx_word' id='word_1_15' title='bbox 592 486 725 509; x_wconf 89' lang='lat' dir='ltr'>annum</span> <span class='ocrx_word' id='word_1_16' title='bbox 745 483 956 509; x_wconf 80' lang='lat' dir='ltr'>Mcchxv.</span> <span class='ocrx_word' id='word_1_17' title='bbox 983 475 1021 508; x_wconf 91' lang='lat' dir='ltr'>in</span> <span class='ocrx_word' id='word_1_18' title='bbox 1046 475 1102 508; x_wconf 90' lang='lat' dir='ltr'>his</span> <span class='ocrx_word' id='word_1_19' title='bbox 1130 474 1263 509; x_wconf 88' lang='lat' dir='ltr'>Paulus</span> <span class='ocrx_word' id='word_1_20' title='bbox 1287 473 1461 521; x_wconf 85' lang='lat' dir='ltr'>Langius.</span> <span class='ocrx_word' id='word_1_21' title='bbox 1513 473 1615 508; x_wconf 86' lang='lat' dir='ltr'>Obiit</span> <span class='ocrx_word' id='word_1_22' title='bbox 1644 474 1787 508; x_wconf 92' lang='lat' dir='ltr'>Placen-</span> 
     </span>
     <span class='ocr_line' id='line_1_4' title="bbox 392 532 1787 578; baseline -0.001 -12"><span class='ocrx_word' id='word_1_23' title='bbox 392 533 487 573; x_wconf 80' lang='lat' dir='ltr'>tiae3</span> <span class='ocrx_word' id='word_1_24' title='bbox 516 533 571 566; x_wconf 91' lang='lat' dir='ltr'>cui</span> <span class='ocrx_word' id='word_1_25' title='bbox 604 532 742 566; x_wconf 89' lang='lat' dir='ltr'>Sanson</span> <span class='ocrx_word' id='word_1_26' title='bbox 773 533 907 566; x_wconf 88' lang='lat' dir='ltr'>ordinis</span> <span class='ocrx_word' id='word_1_27' title='bbox 933 532 1108 578; x_wconf 87' lang='lat' dir='ltr'>generalis</span> <span class='ocrx_word' id='word_1_28' title='bbox 1133 536 1405 566; x_wconf 90' lang='lat' dir='ltr'>monumentum</span> <span class='ocrx_word' id='word_1_29' title='bbox 1431 532 1555 572; x_wconf 83' lang='lat' dir='ltr'>erexit,</span> <span class='ocrx_word' id='word_1_30' title='bbox 1584 532 1679 576; x_wconf 91' lang='lat' dir='ltr'>quod</span> <span class='ocrx_word' id='word_1_31' title='bbox 1705 532 1787 565; x_wconf 88' lang='lat' dir='ltr'>vide</span> 
     </span>
     <span class='ocr_line' id='line_1_5' title="bbox 393 589 1769 636; baseline -0.001 -13"><span class='ocrx_word' id='word_1_32' title='bbox 393 590 488 634; x_wconf 87' lang='lat' dir='ltr'>apud</span> <span class='ocrx_word' id='word_1_33' title='bbox 507 590 704 624; x_wconf 90' lang='lat' dir='ltr'>Henricum</span> <span class='ocrx_word' id='word_1_34' title='bbox 723 589 837 625; x_wconf 88' lang='lat' dir='ltr'>Villot</span> <span class='ocrx_word' id='word_1_35' title='bbox 854 589 1004 636; x_wconf 89' lang='lat' dir='ltr'>Belgam</span> <span class='ocrx_word' id='word_1_36' title='bbox 1021 589 1197 624; x_wconf 89' lang='lat' dir='ltr'>Athenar.</span> <span class='ocrx_word' id='word_1_37' title='bbox 1216 589 1457 630; x_wconf 80' lang='lat' dir='ltr'>Orthodoxar.</span> <span class='ocrx_word' id='word_1_38' title='bbox 1476 600 1557 635; x_wconf 88' lang='lat' dir='ltr'><strong>pag.</strong></span> <span class='ocrx_word' id='word_1_39' title='bbox 1577 597 1769 623; x_wconf 84' lang='lat' dir='ltr'>cxxxvn.</span> 
     </span>
    </p>
   </div>
   <div class='ocr_carea' id='block_1_3' title="bbox 900 701 1278 741">
    <p class='ocr_par' dir='ltr' id='par_1_3' title="bbox 900 701 1278 741">
     <span class='ocr_line' id='line_1_6' title="bbox 900 701 1278 741; baseline -0.005 -3"><span class='ocrx_word' id='word_1_40' title='bbox 900 703 1140 738; x_wconf 90' lang='lat' dir='ltr'>MAIOLUS.</span> <span class='ocrx_word' id='word_1_41' title='bbox 1194 701 1278 741; x_wconf 88' lang='lat'><strong>906.</strong></span> 
     </span>
    </p>
   </div>
   <div class='ocr_carea' id='block_1_4' title="bbox 392 817 1787 968">
    <p class='ocr_par' dir='ltr' id='par_1_4' title="bbox 392 817 1787 968">
     <span class='ocr_line' id='line_1_7' title="bbox 392 817 1787 865; baseline -0.001 -12"><span class='ocrx_word' id='word_1_42' title='bbox 392 819 432 853; x_wconf 88' lang='lat' dir='ltr'>M</span> <span class='ocrx_word' id='word_1_43' title='bbox 436 829 597 860; x_wconf 66' lang='lat' dir='ltr'>monus,</span> <span class='ocrx_word' id='word_1_44' title='bbox 615 819 802 854; x_wconf 82' lang='lat' dir='ltr'>Scotorum</span> <span class='ocrx_word' id='word_1_45' title='bbox 820 819 1089 865; x_wconf 87' lang='lat' dir='ltr'>peregrinorum</span> <span class='ocrx_word' id='word_1_46' title='bbox 1116 818 1178 863; x_wconf 91' lang='lat' dir='ltr'>qui</span> <span class='ocrx_word' id='word_1_47' title='bbox 1206 817 1252 851; x_wconf 91' lang='lat' dir='ltr'>D.</span> <span class='ocrx_word' id='word_1_48' title='bbox 1272 817 1457 852; x_wconf 88' lang='lat' dir='ltr'>Benedicti</span> <span class='ocrx_word' id='word_1_49' title='bbox 1482 818 1646 858; x_wconf 79' lang='lat' dir='ltr'>habitum</span> <span class='ocrx_word' id='word_1_50' title='bbox 1664 818 1787 852; x_wconf 87' lang='lat' dir='ltr'>indue-</span> 
     </span>
     <span class='ocr_line' id='line_1_8' title="bbox 392 875 1519 922; baseline -0.002 -11"><span class='ocrx_word' id='word_1_51' title='bbox 392 882 483 917; x_wconf 85' lang='lat' dir='ltr'><strong>rant,</strong></span> <span class='ocrx_word' id='word_1_52' title='bbox 504 877 672 911; x_wconf 85' lang='lat' dir='ltr'>Coloniae</span> <span class='ocrx_word' id='word_1_53' title='bbox 690 877 809 916; x_wconf 89' lang='lat' dir='ltr'>abbas,</span> <span class='ocrx_word' id='word_1_54' title='bbox 828 876 986 922; x_wconf 87' lang='lat' dir='ltr'>religiosi</span> <span class='ocrx_word' id='word_1_55' title='bbox 1004 876 1080 909; x_wconf 91' lang='lat' dir='ltr'>voti</span> <span class='ocrx_word' id='word_1_56' title='bbox 1098 875 1357 915; x_wconf 81' lang='lat' dir='ltr'>tenacissimus,</span> <span class='ocrx_word' id='word_1_57' title='bbox 1376 876 1519 920; x_wconf 83' lang='lat' dir='ltr'>scripsit</span> 
     </span>
     <span class='ocr_line' id='line_1_9' title="bbox 537 931 1344 968; baseline -0.004 0"><span class='ocrx_word' id='word_1_58' title='bbox 537 934 593 968; x_wconf 90' lang='lat' dir='ltr'>De</span> <span class='ocrx_word' id='word_1_59' title='bbox 611 933 842 968; x_wconf 89' lang='lat' dir='ltr'>Passionibus</span> <span class='ocrx_word' id='word_1_60' title='bbox 860 933 1072 967; x_wconf 89' lang='lat' dir='ltr'>Sanctorum</span> <span class='ocrx_word' id='word_1_61' title='bbox 1237 931 1298 965; x_wconf 90' lang='lat' dir='ltr'>lib.</span> <span class='ocrx_word' id='word_1_62' title='bbox 1319 940 1344 965; x_wconf 93' lang='lat'>1.</span> 
     </span>
    </p>
   </div>
   <div class='ocr_carea' id='block_1_5' title="bbox 537 988 1789 1198">
    <p class='ocr_par' dir='ltr' id='par_1_5' title="bbox 537 988 1789 1082">
     <span class='ocr_line' id='line_1_10' title="bbox 537 988 1789 1037; baseline -0.001 -12"><span class='ocrx_word' id='word_1_63' title='bbox 537 990 582 1025; x_wconf 93' lang='lat' dir='ltr'>In</span> <span class='ocrx_word' id='word_1_64' title='bbox 599 990 839 1037; x_wconf 88' lang='lat' dir='ltr'>Evangelium</span> <span class='ocrx_word' id='word_1_65' title='bbox 858 990 1034 1024; x_wconf 84' lang='lat' dir='ltr'>Matthaei</span> <span class='ocrx_word' id='word_1_66' title='bbox 1232 989 1293 1023; x_wconf 90' lang='lat' dir='ltr'>lib.</span> <span class='ocrx_word' id='word_1_67' title='bbox 1314 998 1341 1023; x_wconf 92' lang='lat'>1.</span> <span class='ocrx_word' id='word_1_68' title='bbox 1392 988 1524 1035; x_wconf 87' lang='lat' dir='ltr'>Accepi</span> <span class='ocrx_word' id='word_1_69' title='bbox 1543 989 1711 1024; x_wconf 86' lang='lat' dir='ltr'>Coloniae</span> <span class='ocrx_word' id='word_1_70' title='bbox 1734 1001 1789 1024; x_wconf 86' lang='lat' dir='ltr'>as-</span> 
     </span>
     <span class='ocr_line' id='line_1_11' title="bbox 585 1049 731 1082; baseline 0 0"><span class='ocrx_word' id='word_1_71' title='bbox 585 1049 731 1082; x_wconf 86' lang='lat' dir='ltr'>servari.</span> 
     </span>
    </p>

    <p class='ocr_par' dir='ltr' id='par_1_6' title="bbox 540 1104 1788 1198">
     <span class='ocr_line' id='line_1_12' title="bbox 540 1104 1788 1152; baseline -0.001 -12"><span class='ocrx_word' id='word_1_72' title='bbox 540 1106 583 1140; x_wconf 95' lang='lat' dir='ltr'>In</span> <span class='ocrx_word' id='word_1_73' title='bbox 602 1106 777 1152; x_wconf 85' lang='lat' dir='ltr'>Regulam</span> <span class='ocrx_word' id='word_1_74' title='bbox 795 1105 882 1139; x_wconf 89' lang='lat' dir='ltr'>Divi</span> <span class='ocrx_word' id='word_1_75' title='bbox 900 1105 1085 1139; x_wconf 84' lang='lat' dir='ltr'>Benedicti</span> <span class='ocrx_word' id='word_1_76' title='bbox 1236 1105 1297 1140; x_wconf 88' lang='lat' dir='ltr'>lib.</span> <span class='ocrx_word' id='word_1_77' title='bbox 1317 1114 1345 1139; x_wconf 87' lang='lat'>1.</span> <span class='ocrx_word' id='word_1_78' title='bbox 1399 1105 1570 1140; x_wconf 88' lang='lat' dir='ltr'>Meminit</span> <span class='ocrx_word' id='word_1_79' title='bbox 1631 1104 1655 1138; x_wconf 90' lang='lat' dir='ltr'><strong>J</strong></span> <span class='ocrx_word' id='word_1_80' title='bbox 1657 1116 1788 1139; x_wconf 88' lang='lat' dir='ltr'>oannes</span> 
     </span>
     <span class='ocr_line' id='line_1_13' title="bbox 587 1163 821 1198; baseline 0 -1"><span class='ocrx_word' id='word_1_81' title='bbox 587 1163 821 1198; x_wconf 88' lang='lat' dir='ltr'>Trithemius.</span> 
     </span>
    </p>
   </div>
   <div class='ocr_carea' id='block_1_6' title="bbox 440 1220 1477 1373">
    <p class='ocr_par' dir='ltr' id='par_1_7' title="bbox 440 1220 1477 1373">
     <span class='ocr_line' id='line_1_14' title="bbox 440 1220 1477 1266; baseline -0.001 -10"><span class='ocrx_word' id='word_1_82' title='bbox 440 1222 541 1256; x_wconf 85' lang='lat' dir='ltr'>Obiit</span> <span class='ocrx_word' id='word_1_83' title='bbox 558 1232 651 1255; x_wconf 79' lang='lat' dir='ltr'>anno</span> <span class='ocrx_word' id='word_1_84' title='bbox 670 1230 791 1254; x_wconf 80' lang='lat' dir='ltr'>MLXI.</span> <span class='ocrx_word' id='word_1_85' title='bbox 845 1220 1050 1263; x_wconf 83' lang='lat' dir='ltr'>Florentius</span> <span class='ocrx_word' id='word_1_86' title='bbox 1069 1220 1332 1266; x_wconf 89' lang='lat' dir='ltr'>Wigorniensis</span> <span class='ocrx_word' id='word_1_87' title='bbox 1351 1225 1386 1255; x_wconf 89' lang='lat' dir='ltr'>et</span> <span class='ocrx_word' id='word_1_88' title='bbox 1404 1221 1477 1255; x_wconf 87' lang='lat' dir='ltr'>alii.</span> 
     </span>
     <span class='ocr_line' id='line_1_15' title="bbox 818 1333 1355 1373; baseline -0.002 -3"><span class='ocrx_word' id='word_1_89' title='bbox 818 1333 1217 1370; x_wconf 88' lang='lat' dir='ltr'>MACCHABAEUS.</span> <span class='ocrx_word' id='word_1_90' title='bbox 1269 1336 1355 1373; x_wconf 85' lang='lat'><strong>907.</strong></span> 
     </span>
    </p>
   </div>
   <div class='ocr_carea' id='block_1_7' title="bbox 389 1449 1786 1725">
    <p class='ocr_par' dir='ltr' id='par_1_8' title="bbox 389 1449 1786 1668">
     <span class='ocr_line' id='line_1_16' title="bbox 390 1449 1786 1497; baseline -0.001 -11"><span class='ocrx_word' id='word_1_91' title='bbox 390 1452 718 1491; x_wconf 37' lang='lat' dir='ltr'>Marcomannos,</span> <span class='ocrx_word' id='word_1_92' title='bbox 736 1450 931 1485; x_wconf 90' lang='lat' dir='ltr'>monachus</span> <span class='ocrx_word' id='word_1_93' title='bbox 949 1449 1082 1495; x_wconf 87' lang='lat' dir='ltr'>insigni</span> <span class='ocrx_word' id='word_1_94' title='bbox 1101 1449 1245 1493; x_wconf 86' lang='lat' dir='ltr'>pietate,</span> <span class='ocrx_word' id='word_1_95' title='bbox 1263 1460 1328 1483; x_wconf 90' lang='lat' dir='ltr'>nec</span> <span class='ocrx_word' id='word_1_96' title='bbox 1346 1450 1483 1484; x_wconf 90' lang='lat' dir='ltr'>minore</span> <span class='ocrx_word' id='word_1_97' title='bbox 1502 1450 1675 1491; x_wconf 86' lang='lat' dir='ltr'>doctrina,</span> <span class='ocrx_word' id='word_1_98' title='bbox 1689 1461 1786 1497; x_wconf 86' lang='lat' dir='ltr'>egre-</span> 
     </span>
     <span class='ocr_line' id='line_1_17' title="bbox 389 1501 1786 1556; baseline -0.001 -13"><span class='ocrx_word' id='word_1_99' title='bbox 389 1510 470 1556; x_wconf 87' lang='lat' dir='ltr'>gius</span> <span class='ocrx_word' id='word_1_100' title='bbox 497 1509 595 1543; x_wconf 87' lang='lat' dir='ltr'>verbi</span> <span class='ocrx_word' id='word_1_101' title='bbox 613 1508 681 1543; x_wconf 92' lang='lat' dir='ltr'>Dei</span> <span class='ocrx_word' id='word_1_102' title='bbox 700 1519 826 1553; x_wconf 87' lang='lat' dir='ltr'>praeco</span> <span class='ocrx_word' id='word_1_103' title='bbox 850 1501 1060 1547; x_wconf 80' lang='lat' dir='ltr'>habebatur,</span> <span class='ocrx_word' id='word_1_104' title='bbox 1088 1518 1169 1541; x_wconf 90' lang='lat' dir='ltr'>cum</span> <span class='ocrx_word' id='word_1_105' title='bbox 1196 1506 1259 1541; x_wconf 86' lang='lat' dir='ltr'>SS.</span> <span class='ocrx_word' id='word_1_106' title='bbox 1287 1506 1333 1541; x_wconf 88' lang='lat' dir='ltr'>D.</span> <span class='ocrx_word' id='word_1_107' title='bbox 1360 1506 1527 1541; x_wconf 90' lang='lat' dir='ltr'>Andreae</span> <span class='ocrx_word' id='word_1_108' title='bbox 1552 1508 1722 1552; x_wconf 86' lang='lat' dir='ltr'>reliquiae</span> <span class='ocrx_word' id='word_1_109' title='bbox 1747 1509 1786 1542; x_wconf 89' lang='lat' dir='ltr'>in</span> 
     </span>
     <span class='ocr_line' id='line_1_18' title="bbox 392 1564 1785 1611; baseline -0.001 -10"><span class='ocrx_word' id='word_1_110' title='bbox 392 1567 626 1607; x_wconf 87' lang='lat' dir='ltr'>Otholiniam,</span> <span class='ocrx_word' id='word_1_111' title='bbox 645 1566 813 1600; x_wconf 83' lang='lat' dir='ltr'>afferente</span> <span class='ocrx_word' id='word_1_112' title='bbox 832 1564 868 1598; x_wconf 88' lang='lat' dir='ltr'>S.</span> <span class='ocrx_word' id='word_1_113' title='bbox 889 1564 1040 1610; x_wconf 81' lang='lat' dir='ltr'>Regulo,</span> <span class='ocrx_word' id='word_1_114' title='bbox 1059 1565 1195 1599; x_wconf 88' lang='lat' dir='ltr'>delatae</span> <span class='ocrx_word' id='word_1_115' title='bbox 1212 1569 1305 1599; x_wconf 90' lang='lat' dir='ltr'>sunt.</span> <span class='ocrx_word' id='word_1_116' title='bbox 1356 1564 1506 1610; x_wconf 86' lang='lat' dir='ltr'>Scripsit</span> <span class='ocrx_word' id='word_1_117' title='bbox 1523 1565 1671 1610; x_wconf 89' lang='lat' dir='ltr'>primus,</span> <span class='ocrx_word' id='word_1_118' title='bbox 1690 1566 1785 1611; x_wconf 88' lang='lat' dir='ltr'>quod</span> 
     </span>
     <span class='ocr_line' id='line_1_19' title="bbox 390 1625 831 1668; baseline -0.005 -10"><span class='ocrx_word' id='word_1_119' title='bbox 390 1625 510 1664; x_wconf 84' lang='lat' dir='ltr'>sciam,</span> <span class='ocrx_word' id='word_1_120' title='bbox 531 1625 622 1668; x_wconf 90' lang='lat' dir='ltr'>apud</span> <span class='ocrx_word' id='word_1_121' title='bbox 643 1628 831 1662; x_wconf 84' lang='lat' dir='ltr'>nostrates,</span> 
     </span>
    </p>

    <p class='ocr_par' dir='ltr' id='par_1_9' title="bbox 538 1678 1784 1725">
     <span class='ocr_line' id='line_1_20' title="bbox 538 1678 1784 1725; baseline 0 -10"><span class='ocrx_word' id='word_1_122' title='bbox 538 1681 679 1715; x_wconf 86' lang='lat' dir='ltr'>Laudes</span> <span class='ocrx_word' id='word_1_123' title='bbox 699 1680 742 1714; x_wconf 91' lang='lat' dir='ltr'>B.</span> <span class='ocrx_word' id='word_1_124' title='bbox 762 1680 901 1714; x_wconf 83' lang='lat' dir='ltr'>Mariae</span> <span class='ocrx_word' id='word_1_125' title='bbox 919 1690 1058 1724; x_wconf 85' lang='lat' dir='ltr'>semper</span> <span class='ocrx_word' id='word_1_126' title='bbox 1074 1678 1238 1725; x_wconf 90' lang='lat' dir='ltr'>Virginis</span> <span class='ocrx_word' id='word_1_127' title='bbox 1368 1681 1429 1715; x_wconf 90' lang='lat' dir='ltr'>lib.</span> <span class='ocrx_word' id='word_1_128' title='bbox 1450 1690 1475 1714; x_wconf 89' lang='lat'>1.</span> <span class='ocrx_word' id='word_1_129' title='bbox 1527 1691 1644 1721; x_wconf 85' lang='lat' dir='ltr'>versu,</span> <span class='ocrx_word' id='word_1_130' title='bbox 1675 1679 1784 1715; x_wconf 82' lang='lat' dir='ltr'>Vere·</span> 
     </span>
    </p>
   </div>
   <div class='ocr_carea' id='block_1_8' title="bbox 538 1739 1783 1843">
    <p class='ocr_par' dir='ltr' id='par_1_10' title="bbox 538 1739 1783 1843">
     <span class='ocr_line' id='line_1_21' title="bbox 585 1739 892 1772; baseline -0.007 0"><span class='ocrx_word' id='word_1_131' title='bbox 585 1739 720 1772; x_wconf 88' lang='lat' dir='ltr'>mundo</span> <span class='ocrx_word' id='word_1_132' title='bbox 739 1742 892 1772; x_wconf 88' lang='lat' dir='ltr'>auctore.</span> 
     </span>
     <span class='ocr_line' id='line_1_22' title="bbox 538 1793 1783 1843; baseline 0 -13"><span class='ocrx_word' id='word_1_133' title='bbox 538 1796 800 1843; x_wconf 76' lang='lat' dir='ltr'>Panegyricum</span> <span class='ocrx_word' id='word_1_134' title='bbox 819 1795 856 1828; x_wconf 90' lang='lat' dir='ltr'>in</span> <span class='ocrx_word' id='word_1_135' title='bbox 875 1794 1034 1828; x_wconf 85' lang='lat' dir='ltr'>Laudem</span> <span class='ocrx_word' id='word_1_136' title='bbox 1053 1794 1088 1828; x_wconf 89' lang='lat' dir='ltr'>S.</span> <span class='ocrx_word' id='word_1_137' title='bbox 1104 1793 1270 1829; x_wconf 83' lang='lat' dir='ltr'>Andreae</span> <span class='ocrx_word' id='word_1_138' title='bbox 1370 1796 1431 1830; x_wconf 86' lang='lat' dir='ltr'>lib.</span> <span class='ocrx_word' id='word_1_139' title='bbox 1451 1805 1476 1830; x_wconf 93' lang='lat'>1.</span> <span class='ocrx_word' id='word_1_140' title='bbox 1529 1795 1599 1830; x_wconf 89' lang='lat' dir='ltr'>Est</span> <span class='ocrx_word' id='word_1_141' title='bbox 1625 1796 1663 1830; x_wconf 90' lang='lat' dir='ltr'>in</span> <span class='ocrx_word' id='word_1_142' title='bbox 1681 1795 1783 1831; x_wconf 88' lang='lat' dir='ltr'>bibli-</span> 
     </span>
    </p>
   </div>
   <div class='ocr_carea' id='block_1_9' title="bbox 439 1851 1780 1947">
    <p class='ocr_par' dir='ltr' id='par_1_11' title="bbox 439 1851 1780 1947">
     <span class='ocr_line' id='line_1_23' title="bbox 585 1851 1159 1897; baseline -0.003 -10"><span class='ocrx_word' id='word_1_143' title='bbox 585 1854 711 1888; x_wconf 87' lang='lat' dir='ltr'>otheca</span> <span class='ocrx_word' id='word_1_144' title='bbox 727 1852 750 1886; x_wconf 89' lang='lat' dir='ltr'>J</span> <span class='ocrx_word' id='word_1_145' title='bbox 753 1852 852 1886; x_wconf 79' lang='lat' dir='ltr'>acobi</span> <span class='ocrx_word' id='word_1_146' title='bbox 869 1851 1061 1897; x_wconf 85' lang='lat' dir='ltr'>Bongarsii</span> <span class='ocrx_word' id='word_1_147' title='bbox 1080 1851 1159 1885; x_wconf 90' lang='lat' dir='ltr'>MS.</span> 
     </span>
     <span class='ocr_line' id='line_1_24' title="bbox 439 1908 1780 1947; baseline 0.001 -2"><span class='ocrx_word' id='word_1_148' title='bbox 439 1911 580 1946; x_wconf 84' lang='lat' dir='ltr'>Floruit</span> <span class='ocrx_word' id='word_1_149' title='bbox 614 1922 708 1945; x_wconf 90' lang='lat' dir='ltr'>anno</span> <span class='ocrx_word' id='word_1_150' title='bbox 743 1917 938 1944; x_wconf 73' lang='lat' dir='ltr'>cccmnx.</span> <span class='ocrx_word' id='word_1_151' title='bbox 1004 1908 1139 1943; x_wconf 89' lang='lat' dir='ltr'>Hector</span> <span class='ocrx_word' id='word_1_152' title='bbox 1168 1909 1344 1945; x_wconf 89' lang='lat' dir='ltr'>Boethius</span> <span class='ocrx_word' id='word_1_153' title='bbox 1374 1910 1435 1945; x_wconf 91' lang='lat' dir='ltr'>lib.</span> <span class='ocrx_word' id='word_1_154' title='bbox 1470 1920 1522 1946; x_wconf 74' lang='lat' dir='ltr'>VI.</span> <span class='ocrx_word' id='word_1_155' title='bbox 1556 1911 1653 1946; x_wconf 84' lang='lat' dir='ltr'>Hist.</span> <span class='ocrx_word' id='word_1_156' title='bbox 1687 1911 1780 1947; x_wconf 89' lang='lat' dir='ltr'>Scot.</span> 
     </span>
    </p>
   </div>
   <div class='ocr_carea' id='block_1_10' title="bbox 387 1978 1342 2122">
    <p class='ocr_par' dir='ltr' id='par_1_12' title="bbox 387 1978 1342 2122">
     <span class='ocr_line' id='line_1_25' title="bbox 387 1978 546 2017; baseline -0.013 -13"><span class='ocrx_word' id='word_1_157' title='bbox 387 1982 468 2017; x_wconf 89' lang='lat' dir='ltr'>pag.</span> <span class='ocrx_word' id='word_1_158' title='bbox 484 1978 546 2004; x_wconf 84' lang='lat' dir='ltr'>CV.</span> 
     </span>
     <span class='ocr_line' id='line_1_26' title="bbox 821 2082 1342 2122; baseline 0.004 -5"><span class='ocrx_word' id='word_1_159' title='bbox 821 2082 857 2118; x_wconf 93' lang='lat' dir='ltr'>S.</span> <span class='ocrx_word' id='word_1_160' title='bbox 885 2082 1203 2118; x_wconf 83' lang='lat' dir='ltr'>MERINATUS.</span> <span class='ocrx_word' id='word_1_161' title='bbox 1257 2086 1342 2122; x_wconf 89' lang='grc'><strong>908.</strong></span> 
     </span>
    </p>
   </div>
   <div class='ocr_carea' id='block_1_11' title="bbox 385 2198 1779 2415">
    <p class='ocr_par' dir='ltr' id='par_1_13' title="bbox 385 2198 1779 2415">
     <span class='ocr_line' id='line_1_27' title="bbox 386 2198 1778 2244; baseline 0 -10"><span class='ocrx_word' id='word_1_162' title='bbox 386 2199 422 2234; x_wconf 89' lang='lat' dir='ltr'>S.</span> <span class='ocrx_word' id='word_1_163' title='bbox 442 2200 695 2234; x_wconf 77' lang='lat' dir='ltr'>MERINATUS</span> <span class='ocrx_word' id='word_1_164' title='bbox 714 2199 894 2239; x_wconf 90' lang='lat' dir='ltr'>diaconus,</span> <span class='ocrx_word' id='word_1_165' title='bbox 913 2198 1081 2232; x_wconf 85' lang='lat' dir='ltr'>Damiani</span> <span class='ocrx_word' id='word_1_166' title='bbox 1100 2199 1300 2244; x_wconf 88' lang='lat' dir='ltr'>presbyteri</span> <span class='ocrx_word' id='word_1_167' title='bbox 1327 2198 1450 2240; x_wconf 88' lang='lat' dir='ltr'>frater,</span> <span class='ocrx_word' id='word_1_168' title='bbox 1478 2199 1522 2233; x_wconf 91' lang='lat' dir='ltr'>de</span> <span class='ocrx_word' id='word_1_169' title='bbox 1546 2211 1618 2244; x_wconf 90' lang='lat' dir='ltr'>quo</span> <span class='ocrx_word' id='word_1_170' title='bbox 1643 2199 1704 2234; x_wconf 87' lang='lat' dir='ltr'>lib.</span> <span class='ocrx_word' id='word_1_171' title='bbox 1725 2209 1778 2234; x_wconf 83' lang='lat' dir='ltr'>IV.</span> 
     </span>
     <span class='ocr_line' id='line_1_28' title="bbox 386 2256 1778 2302; baseline 0 -11"><span class='ocrx_word' id='word_1_172' title='bbox 386 2258 453 2291; x_wconf 86' lang='lat' dir='ltr'>hoc</span> <span class='ocrx_word' id='word_1_173' title='bbox 471 2268 574 2301; x_wconf 87' lang='lat' dir='ltr'>opere</span> <span class='ocrx_word' id='word_1_174' title='bbox 593 2268 712 2301; x_wconf 89' lang='lat' dir='ltr'>supra,</span> <span class='ocrx_word' id='word_1_175' title='bbox 730 2267 862 2302; x_wconf 89' lang='lat' dir='ltr'>magna</span> <span class='ocrx_word' id='word_1_176' title='bbox 888 2257 1031 2301; x_wconf 90' lang='lat' dir='ltr'>pietatis</span> <span class='ocrx_word' id='word_1_177' title='bbox 1058 2267 1098 2290; x_wconf 91' lang='lat' dir='ltr'>ac</span> <span class='ocrx_word' id='word_1_178' title='bbox 1124 2257 1334 2291; x_wconf 90' lang='lat' dir='ltr'>eruditionis</span> <span class='ocrx_word' id='word_1_179' title='bbox 1361 2256 1456 2291; x_wconf 89' lang='lat' dir='ltr'>fama</span> <span class='ocrx_word' id='word_1_180' title='bbox 1481 2258 1669 2302; x_wconf 88' lang='lat' dir='ltr'>populares</span> <span class='ocrx_word' id='word_1_181' title='bbox 1695 2269 1778 2291; x_wconf 90' lang='lat' dir='ltr'>suos</span> 
     </span>
     <span class='ocr_line' id='line_1_29' title="bbox 386 2312 1779 2359; baseline -0.001 -10"><span class='ocrx_word' id='word_1_182' title='bbox 386 2320 421 2349; x_wconf 92' lang='lat' dir='ltr'>et</span> <span class='ocrx_word' id='word_1_183' title='bbox 440 2314 559 2348; x_wconf 90' lang='lat' dir='ltr'>Pictos</span> <span class='ocrx_word' id='word_1_184' title='bbox 579 2314 714 2347; x_wconf 86' lang='lat' dir='ltr'>vicinos</span> <span class='ocrx_word' id='word_1_185' title='bbox 733 2314 836 2347; x_wconf 89' lang='lat' dir='ltr'>fidem</span> <span class='ocrx_word' id='word_1_186' title='bbox 863 2314 1020 2353; x_wconf 89' lang='lat' dir='ltr'>docebat,</span> <span class='ocrx_word' id='word_1_187' title='bbox 1047 2324 1128 2347; x_wconf 91' lang='lat' dir='ltr'>cum</span> <span class='ocrx_word' id='word_1_188' title='bbox 1154 2312 1190 2347; x_wconf 83' lang='lat' dir='ltr'>S.</span> <span class='ocrx_word' id='word_1_189' title='bbox 1210 2313 1370 2359; x_wconf 88' lang='lat' dir='ltr'>Regulus</span> <span class='ocrx_word' id='word_1_190' title='bbox 1397 2314 1564 2358; x_wconf 85' lang='lat' dir='ltr'>reliquias</span> <span class='ocrx_word' id='word_1_191' title='bbox 1590 2314 1676 2348; x_wconf 86' lang='lat' dir='ltr'>Divi</span> <span class='ocrx_word' id='word_1_192' title='bbox 1703 2314 1779 2348; x_wconf 90' lang='lat' dir='ltr'>An-</span> 
     </span>
     <span class='ocr_line' id='line_1_30' title="bbox 385 2370 1779 2415; baseline 0 -10"><span class='ocrx_word' id='word_1_193' title='bbox 385 2372 499 2411; x_wconf 88' lang='lat' dir='ltr'>dreae,</span> <span class='ocrx_word' id='word_1_194' title='bbox 526 2376 649 2415; x_wconf 87' lang='lat' dir='ltr'>postea</span> <span class='ocrx_word' id='word_1_195' title='bbox 675 2371 812 2404; x_wconf 87' lang='lat' dir='ltr'>Scotiae</span> <span class='ocrx_word' id='word_1_196' title='bbox 839 2371 1014 2410; x_wconf 88' lang='lat' dir='ltr'>tutelaris,</span> <span class='ocrx_word' id='word_1_197' title='bbox 1040 2371 1078 2404; x_wconf 91' lang='lat' dir='ltr'>in</span> <span class='ocrx_word' id='word_1_198' title='bbox 1103 2370 1294 2405; x_wconf 91' lang='lat' dir='ltr'>Albionem</span> <span class='ocrx_word' id='word_1_199' title='bbox 1312 2370 1497 2405; x_wconf 86' lang='lat' dir='ltr'>inferebat.</span> <span class='ocrx_word' id='word_1_200' title='bbox 1549 2371 1677 2406; x_wconf 90' lang='lat' dir='ltr'>Boeth.</span> <span class='ocrx_word' id='word_1_201' title='bbox 1703 2372 1779 2405; x_wconf 90' lang='lat' dir='ltr'>loco</span> 
     </span>
    </p>
   </div>
   <div class='ocr_carea' id='block_1_12' title="bbox 384 2427 1046 2474">
    <p class='ocr_par' dir='ltr' id='par_1_14' title="bbox 384 2427 1046 2474">
     <span class='ocr_line' id='line_1_31' title="bbox 384 2427 1046 2474; baseline -0.003 -11"><span class='ocrx_word' id='word_1_202' title='bbox 384 2429 545 2474; x_wconf 84' lang='lat' dir='ltr'>proxime</span> <span class='ocrx_word' id='word_1_203' title='bbox 563 2439 671 2472; x_wconf 88' lang='lat' dir='ltr'>supra</span> <span class='ocrx_word' id='word_1_204' title='bbox 688 2428 844 2462; x_wconf 89' lang='lat' dir='ltr'>laudato.</span> <span class='ocrx_word' id='word_1_205' title='bbox 896 2427 1046 2472; x_wconf 87' lang='lat' dir='ltr'>Scripsit</span> 
     </span>
    </p>
   </div>
  </div>
 </body>
</html>
