2118 2854
404 325 467 354 358
786 321 1018 355 HISTORIA
1042 320 1414 355 ECCLESIASTICA

409 418 609 460 perductus,
623 418 661 452 in
675 417 821 455 Turrim
836 417 1027 462 conjectus.
1071 415 1163 461 Ejus
1182 419 1306 449 extant
1323 415 1448 454 multa,
1463 415 1524 448 sed
1543 426 1608 461 ego
1627 418 1795 461 paucissi-

408 485 466 507 ma
483 475 567 514 vidi,
586 485 737 519 quorum
754 474 792 507 hi
811 474 926 518 apices
946 477 1053 507 sunt:

555 531 805 575 Philosophiae
821 530 1069 564 Aristotelicae
1088 528 1256 572 Epitome
1442 529 1502 563 lib.
1523 538 1548 563 1.

555 589 743 624 Orationes
761 588 948 623 Rectoriae
1441 586 1501 620 lib.
1523 596 1548 621 1.

554 646 748 680 Conciones
766 646 810 679 ad
828 644 1007 689 Populum
1025 642 1262 677 Parisiensem
1285 642 1328 675 de
1347 641 1472 676 Officio
1498 642 1730 679 subditorum
1757 647 1794 679 in

604 702 787 747 Principes
804 713 887 736 suos
1443 700 1504 735 lib.
1525 710 1549 735 1.

554 760 825 798 controversiae
843 758 1042 804 Religionis
1440 757 1501 794 lib.
1521 767 1546 792 1.

551 817 825 851 Admonitiones
842 817 887 850 ad
905 815 1093 849 Ministros
1440 815 1501 850 lib.
1522 825 1547 850 1.
1566 818 1764 851 vernacule.

551 874 742 913 Tractatus
767 874 810 907 de
835 872 921 906 reali
943 871 1111 916 Corporis
1138 871 1275 906 Christi
1302 871 1340 907 in
1365 870 1597 910 Eucharistia
1624 873 1793 909 Praesen-

600 932 662 971 tia,
680 931 767 965 item
784 930 981 969 vernacule,
1438 930 1499 965 lib.
1520 939 1544 964 1.

451 989 551 1023 Obiit
568 992 717 1033 martyr,
736 987 803 1022 sub
820 992 918 1021 arcta
935 987 973 1020 in
992 985 1102 1019 Turri
1122 986 1343 1022 Londinensi
1361 988 1533 1028 custodia,
1547 999 1642 1023 anno
1661 998 1792 1024 MDCx.

402 1058 473 1080 uno
492 1047 566 1081 solo
584 1045 730 1079 crimine
748 1045 902 1080 admisso
920 1054 1012 1083 reuS‚
1031 1045 1127 1088 quod
1144 1044 1286 1078 furente
1303 1044 1522 1089 plebeiorum
1547 1046 1700 1081 factione
1725 1048 1794 1082 cla-

402 1104 582 1138 rissimum
614 1108 650 1137 et
675 1102 959 1136 literatissimum
987 1100 1191 1137 Barnabam
1218 1101 1456 1143 Brissonium,
1487 1108 1633 1138 senatus
1661 1104 1793 1138 Parisi-

401 1162 493 1195 ensis
511 1160 720 1205 praesidem,
749 1163 784 1193 et
810 1163 864 1193 tot
889 1158 1031 1202 scriptis
1058 1158 1239 1198 celebrem,
1266 1159 1401 1194 nullius
1427 1165 1647 1204 compertum
1675 1162 1792 1195 crimi-

401 1219 455 1251 nis
489 1218 526 1251 in
562 1217 765 1251 Lautumiis
801 1227 925 1260 passus
965 1216 1012 1249 sit
1046 1216 1275 1261 strangulari,
1311 1221 1345 1250 et
1380 1217 1532 1252 cadaver
1567 1219 1790 1252 contumeliis

399 1276 565 1310 affectum
583 1275 724 1319 publico
742 1273 907 1318 supplicii
927 1266 1067 1307 theatro
1091 1273 1128 1305 in
1155 1274 1245 1307 sacri
1272 1274 1407 1307 ordinis
1434 1274 1583 1309 dedecus
1610 1280 1789 1310 aeternam

398 1332 525 1379 suffigi.
578 1331 671 1366 Erat
688 1343 771 1365 sane
789 1331 895 1375 paulo
913 1331 951 1364 in
969 1330 1073 1364 rebus
1092 1329 1172 1363 fidei
1191 1331 1382 1371 ardentior,
1408 1342 1492 1365 nam
1517 1336 1552 1366 et
1571 1332 1789 1373 Foulerium,

398 1391 516 1424 virum
544 1390 639 1423 domi
665 1389 830 1428 nobilem,
862 1386 983 1433 flagris
1014 1387 1111 1421 caedi
1142 1387 1344 1431 imperavit,
1380 1392 1416 1422 et
1446 1388 1533 1426 alios
1563 1394 1791 1433 praepostera

397 1449 528 1492 pietate
551 1446 720 1486 offendit3
749 1450 865 1479 cetera
882 1452 1013 1484 tamen,
1032 1445 1061 1478 si
1080 1455 1222 1478 causam
1240 1445 1423 1490 religionis
1441 1446 1573 1486 demas,
1600 1446 1790 1480 mitissimo

396 1510 431 1538 et
449 1503 731 1538 moderatissimo
748 1503 893 1549 ingenio
910 1502 1020 1536 fuisse
1038 1502 1256 1546 perhibetur.
1297 1502 1367 1542 Qui
1382 1503 1487 1547 plura
1499 1504 1610 1548 cupis,
1624 1504 1702 1550 lege
1715 1503 1789 1538 Lu-

396 1562 512 1596 dovici
539 1560 691 1599 Servini‚
718 1560 808 1606 regii
838 1560 876 1593 in
902 1563 1029 1593 senatu
1055 1558 1248 1593 Parisiensi
1276 1559 1449 1600 advocati,
1476 1559 1653 1595 forensem
1680 1562 1722 1595 de
1749 1574 1789 1595 eo

396 1620 566 1653 actionem
572 1643 579 1652 .

741 1730 1016 1766 PATRICIUS
1044 1730 1308 1766 HUMAEUS.
1362 1730 1445 1770 677.

398 1850 620 1883 PA'riuqus
639 1848 836 1886 Humaeus,
854 1847 1009 1891 equestri
1028 1846 1214 1892 dignitate,
1229 1859 1249 1882 a
1262 1847 1441 1893 gentilitio
1458 1849 1675 1892 patrimonio
1694 1849 1785 1883 Pou-

396 1907 546 1941 luartius
564 1910 721 1945 vocatus,
739 1915 871 1950 magno
888 1904 1042 1949 ingenio,
1071 1905 1251 1947 praeclaro
1275 1912 1406 1938 eventu
1429 1906 1589 1949 poeticen
1611 1905 1784 1940 Scoticam

394 1963 592 2003 adornavit,
611 1963 687 2008 regi
705 1973 776 1996 non
794 1961 908 2007 magis
926 1961 1138 1997 claritudine
1154 1961 1321 2001 familiae,
1340 1973 1446 2006 quam
1466 1963 1624 1997 moribus
1649 1964 1785 1997 suavis-

393 2022 491 2054 simis
509 2025 545 2054 et
562 2031 643 2054 rara
660 2019 859 2054 eruditione
877 2029 991 2052 carus.
1045 2017 1194 2062 Scripsit

540 2077 732 2112 Cantiones
751 2076 905 2111 Scoticas
1430 2078 1490 2112 lib.
1513 2087 1537 2111 1.

542 2135 711 2169 Carmina
729 2134 903 2168 amatoria
1428 2135 1488 2170 lib.
1511 2145 1534 2168 1.

538 2192 635 2226 Odas
656 2190 740 2237 [ad]
762 2191 898 2237 Regem
1427 2194 1487 2228 lib.
1512 2203 1533 2227 1.

538 2248 691 2282 satiram
711 2250 748 2282 in
766 2247 1013 2283 Alexandrum
1032 2248 1337 2296 Montgomerium
1424 2251 1484 2286 lib.
1508 2261 1530 2285 1.
1552 2257 1586 2285 et
1605 2252 1673 2286 alia
1692 2264 1782 2297 quac

589 2307 634 2340 ad
651 2318 777 2341 manus
796 2318 891 2342 meas
909 2318 981 2342 non
1001 2312 1186 2342 venerunt.

439 2363 541 2398 Obiit
558 2374 652 2399 anno
670 2371 820 2399 MDCX1.
