2060 2848
400 325 465 357 568
813 324 1048 358 HISTORIA
1071 324 1447 358 ECCLESIASTICA

408 428 467 453 111.
483 419 622 454 Histor.
637 418 737 466 Mag.
751 419 919 454 Britann.
935 430 1011 465 cap.
1026 428 1084 454 xl.
1119 418 1371 453 Amicissimus
1384 417 1456 453 fuit
1469 417 1517 453 D.
1533 418 1729 459 Bernardo,
1748 419 1805 453 cui

405 481 440 511 et
458 477 573 511 multa
589 488 696 522 opera
712 477 894 522 inscripsit
911 487 987 511 sua.
1030 476 1259 511 Sanctissime
1277 475 1381 515 vixit,
1399 475 1452 509 ait
1469 475 1650 511 illustriss.
1670 475 1806 510 Bellar-

403 534 523 568 minus
541 534 601 569 lib.
621 534 664 569 de
681 534 922 579 Scriptoribus
939 533 1211 573 Ecclesiasticis,
1238 544 1282 567 ex
1300 544 1371 578 quo
1389 532 1485 566 hunc
1510 532 1695 567 elenchum
1725 544 1806 577 ope-

406 602 485 625 rum
504 592 617 636 ipsius
634 592 805 637 excerpsi.

552 649 608 683 De
625 648 937 684 Exterminatione
955 649 1056 688 Mali,
1075 659 1116 682 ac
1133 647 1365 682 Promotione
1378 646 1484 688 Boni,
1496 647 1559 682 lib.
1582 657 1625 681 11.

553 706 608 741 De
626 706 733 741 Statu
749 707 930 741 interioris
949 705 1118 740 Hominis
1495 704 1557 738 lib.
1577 713 1638 738 111.

554 763 610 797 De
627 763 843 797 Eruditione
859 762 1040 797 interioris
1059 761 1228 795 Hominis
1500 761 1563 795 lib.
1581 770 1642 795 111.

554 820 746 866 Benjamin
763 819 887 854 Minor
1499 818 1561 852 lib.
1582 826 1642 852 111.

602 877 640 910 id
657 881 722 916 est,
740 876 795 910 De
814 876 1091 921 Praeparatione
1111 875 1156 910 ad
1174 874 1534 919 Contemplationem.

553 934 745 980 Benjamin
763 934 885 979 Major
1495 931 1557 967 lib.
1577 940 1613 966 V.

605 991 643 1025 id
661 996 725 1032 est,
742 990 798 1025 De
816 990 942 1025 Gratia
960 990 1290 1034 Contemplationis.

556 1049 761 1095 Allegoriae
779 1047 1015 1082 Tabernaculi
1034 1047 1203 1082 Foederis
1502 1047 1563 1081 lib.
1583 1056 1608 1082 1.

557 1106 612 1140 De
630 1106 811 1140 Trinitate
1074 1130 1076 1132 -
1256 1140 1258 1142 ,
1498 1105 1560 1139 lib.
1580 1113 1634 1139 v1.

555 1163 611 1197 De
638 1163 753 1198 tribus
772 1163 1011 1208 appropriatis
1035 1161 1203 1196 Personis
1225 1162 1264 1195 in
1292 1160 1483 1202 Trinitate,

600 1221 646 1255 ad
663 1220 800 1255 Divum
817 1220 1056 1259 Bernardum‚
1498 1219 1559 1254 lib.
1579 1229 1606 1253 1.

553 1278 609 1312 De
627 1277 875 1312 Incarnatione
892 1276 1014 1316 Verbi,
1033 1276 1077 1309 ad
1096 1275 1257 1314 eundem,
1500 1276 1562 1310 lib.
1583 1285 1608 1309 1.

552 1335 608 1369 De
624 1334 860 1369 Emmanuele
1495 1333 1557 1367 lib.
1577 1342 1621 1367 11.

551 1392 816 1437 Exceptionum
1497 1390 1558 1425 lib.
1578 1399 1632 1424 xv.

519 1480 521 1482 .
553 1450 609 1484 De
628 1449 809 1484 Potestate
826 1449 962 1495 ligandi
979 1453 1015 1483 et
1033 1448 1193 1482 solvendi
1498 1448 1558 1483 lib.
1579 1457 1605 1482 1.

552 1507 607 1542 De
625 1507 934 1552 Contemplatione
952 1506 1146 1552 Plagarum
1163 1505 1202 1539 in
1220 1505 1289 1539 fine
1307 1505 1438 1539 Mundi
1495 1510 1599 1541 tract.
1619 1516 1644 1540 1.

554 1565 609 1599 De
621 1562 813 1611 judiciaria
830 1563 1013 1598 Potestate
1030 1563 1069 1596 in
1086 1562 1184 1596 finali
1202 1561 1226 1596 J
1227 1562 1345 1596 udicio
1396 1591 1398 1593 .
1494 1567 1597 1598 tract.
1617 1573 1642 1598 Ι.

554 1622 611 1656 De
627 1621 766 1665 Spiritu
783 1620 1033 1665 Blasphemiae
1492 1625 1594 1656 tract.
1617 1630 1641 1654 1.

553 1680 608 1714 De
625 1679 803 1713 Gradibus
824 1677 1021 1712 charitatis
1495 1678 1557 1712 lib.
1579 1688 1604 1712 1.

552 1737 608 1770 De
626 1740 780 1781 quatuor
796 1734 975 1769 Gradibus
994 1735 1170 1769 violentae
1188 1734 1384 1769 charitatis
1495 1736 1556 1770 lib.
1578 1745 1602 1770 1.

552 1794 607 1829 De
624 1793 767 1840 gemino
785 1793 958 1827 Paschate
1496 1792 1557 1827 lib.
1578 1802 1603 1827 1.

552 1852 596 1886 In
613 1852 670 1885 die
688 1850 845 1884 Paschae
862 1849 985 1884 Sermo
1494 1850 1555 1885 lib.
1576 1860 1602 1886 1.

554 1909 755 1944 Declaratio
784 1907 1047 1941 Difficultatum
1077 1907 1281 1952 Scripturae
1317 1907 1477 1948 Sanctae,

601 1967 646 2001 ad
664 1965 800 2000 Divum
818 1965 1055 2006 Bernardum,
1493 1965 1553 2000 lib.
1575 1975 1600 2000 Ι.

552 2024 738 2065 Quomodo
745 2023 899 2068 Spiritus
906 2022 1056 2057 Sanctus
1067 2022 1115 2057 sit
1125 2034 1225 2057 amor
1231 2022 1350 2057 Patris
1358 2028 1394 2058 et
1400 2023 1485 2058 Filii
1492 2023 1553 2058 lib.
1573 2033 1599 2057 Ι.

552 2082 608 2116 De
625 2081 837 2115 Differentia
854 2080 995 2114 Peccati
1012 2080 1173 2114 mortalis
1192 2085 1227 2114 et
1245 2080 1394 2115 venialis
1494 2080 1555 2115 lib.
1576 2090 1601 2114 1.

552 2140 607 2174 De
625 2138 917 2184 superexcellenti
935 2137 1123 2182 Baptismo
1141 2137 1276 2172 Christi
1490 2138 1552 2172 lib.
1573 2148 1598 2172 1.

551 2197 606 2231 De
624 2196 797 2230 Missione
814 2195 968 2240 Spiritus
987 2195 1108 2229 Sancti
1490 2195 1550 2230 lib.
1572 2204 1597 2229 Ι.

551 2255 606 2288 De
624 2253 896 2297 Comparatione
913 2252 1049 2287 Christi
1063 2253 1107 2286 ad
1122 2252 1275 2293 Florem,
1289 2258 1325 2287 et
1340 2252 1473 2287 Beatae

601 2311 737 2345 Mariae
756 2309 917 2356 Virginis
935 2310 980 2344 ad
997 2309 1159 2356 Virgam,
1492 2308 1552 2343 lib.
1573 2318 1599 2342 1.
