2060 2848
635 332 810 365 GENTIS
834 333 1108 372 SCOTORUM,
1133 334 1220 365 LIB.
1242 334 1317 365 XV.
1611 335 1674 364 533

725 480 1080 516 PASLATENSIS.
1133 484 1240 517 1010.

292 596 571 630 PASLATENSIS
587 595 734 640 quidam
751 594 956 635 monachus,
980 595 1115 629 incerto
1140 595 1294 635 nomine,
1321 595 1381 629 sed
1407 607 1536 641 magna
1562 597 1675 630 erudi-

290 653 397 687 tionis
422 652 643 692 claritudine,
665 653 695 686 si
719 656 839 686 tamen
864 662 958 686 unus
983 652 1042 686 ille
1065 652 1145 692 fuit,
1172 663 1212 686 ac
1236 663 1308 686 non
1334 653 1451 697 plures
1477 652 1606 696 incepti
1632 653 1675 687 ab

289 721 371 750 uno,
389 721 430 744 eo
447 710 485 743 in
503 709 729 749 monasterio,
750 709 866 753 operis
885 709 1159 749 continuatores,
1178 709 1320 753 scripsit

435 767 636 801 Chronicon
666 766 710 800 ab
739 766 844 800 initio
875 766 1004 799 Mundi
1034 766 1094 800 lib.
1123 775 1148 800 1.
1179 767 1274 810 quod
1306 765 1480 811 Georgius
1511 766 1673 800 Buchan-

485 834 574 857 anus
621 824 659 856 in
704 823 866 857 Historia
905 834 969 857 sua
1006 823 1144 857 Scotica
1187 823 1285 867 sequi
1330 834 1366 856 se
1405 823 1601 867 profitetur,
1641 829 1676 857 et

485 881 597 914 veluti
622 879 822 913 Palladium
845 880 1006 914 incendio
1030 879 1227 914 furentium
1252 891 1332 913 cum
1359 880 1676 926 Knoxio-haereti-

486 947 608 971 corum
627 941 812 980 exceptum
831 942 989 970 asservat
1011 935 1214 970 Alexander
1240 936 1415 976 Setofflus,
1441 936 1577 971 Scotiae
1595 948 1673 971 can-

484 994 657 1034 cellarius,
677 993 967 1026 Dunfermelinae
985 1003 1111 1027 comes.
1158 993 1215 1027 Eo
1233 994 1299 1027 etsi
1318 1004 1373 1026 res
1392 993 1485 1026 orbis
1503 994 1673 1032 universi,

485 1061 540 1084 res
558 1055 676 1084 tamen
694 1050 880 1094 praecipue
898 1049 1051 1084 Scoticas
1074 1050 1231 1095 attingit,
1259 1054 1294 1083 et
1318 1054 1402 1084 sunt
1425 1060 1515 1094 quae
1542 1049 1675 1084 Hector

486 1106 659 1140 Boethius
678 1117 750 1140 non
768 1106 917 1140 viderat.

338 1164 492 1199 Vivebat
509 1173 603 1197 anno
624 1170 833 1196 Mccccnn.

690 1276 726 1311 S.
754 1277 1110 1314 PATRICIANUS.
1167 1282 1233 1314 101
1241 1283 1272 1314 1.

288 1393 323 1426 S.
350 1393 634 1426 PATRICIANUS
657 1392 737 1436 quis
763 1391 884 1432 fuerit,
910 1393 1010 1427 docet
1030 1393 1164 1428 Hector
1183 1393 1354 1428 Boethius
1380 1394 1441 1428 lib.
1461 1403 1548 1427 VIII.
1577 1394 1672 1427 Hist.

288 1451 381 1484 Scot.
400 1450 438 1483 in
456 1449 536 1484 fine.
580 1454 600 1468 “
620 1448 721 1482 Passi
739 1454 824 1483 sunt
841 1451 1037 1493 complures
1063 1451 1129 1484 sub
1154 1451 1247 1484 idem
1271 1455 1410 1494 tempus
1435 1450 1611 1484 antistites
1639 1455 1675 1484 et

288 1507 495 1546 sacerdotes,
513 1510 658 1550 propter
676 1505 810 1539 Christi
829 1506 982 1540 nominis
1000 1507 1265 1547 confessionem,
1289 1519 1310 1540 a
1330 1507 1511 1541 Saxonum
1534 1506 1675 1540 feritate

290 1565 326 1597 in
345 1563 509 1603 Albione,
523 1563 577 1596 uti
591 1563 653 1607 qui
671 1562 901 1596 Britannicas
920 1574 975 1596 res
993 1564 1182 1597 memoriae
1195 1563 1436 1607 prodiderunt,
1451 1564 1562 1597 literis
1577 1574 1675 1596 man-

290 1621 477 1660 daverunt,
496 1619 790 1653 constantissimis
809 1619 937 1653 animis
951 1620 1185 1663 martyrium:
1205 1621 1265 1654 alii
1279 1621 1348 1654 alio
1361 1619 1536 1665 fugientes
1555 1631 1675 1654 secun-

289 1677 448 1712 dioribus
466 1688 502 1711 se
520 1676 624 1710 rebus
643 1681 886 1715 servaverunt,
906 1681 940 1710 et
958 1677 1050 1710 inter
1067 1688 1125 1711 eos
1145 1677 1367 1711 Patricianus
1385 1677 1578 1720 episcopus,
1603 1677 1678 1710 vita

289 1740 325 1768 et
342 1734 528 1778 disciplina
544 1733 688 1778 insigni,
707 1734 802 1778 apud
821 1733 1032 1778 Congallum
1050 1745 1180 1779 regem,
1207 1746 1228 1768 a
1253 1745 1324 1778 quo
1348 1733 1500 1777 praediis
1525 1738 1559 1767 et
1584 1734 1678 1778 agris

290 1792 327 1824 in
346 1791 456 1824 Mona
473 1791 591 1824 insula
612 1791 774 1829 donatus,
802 1790 912 1823 vitam
938 1790 1041 1833 plane
1068 1791 1271 1825 Christiano
1295 1791 1439 1835 dignam
1462 1790 1616 1823 docendo
1641 1795 1676 1823 et

290 1848 510 1881 exhortando
529 1847 573 1880 ad
590 1847 736 1880 meliora
752 1847 898 1891 peregit.
934 1847 1080 1885 Quievit
1097 1848 1127 1881 is
1142 1848 1342 1881 beatissimo
1356 1847 1435 1886 fine,
1449 1846 1673 1890 perspicuum

291 1905 426 1939 cunctis
444 1905 655 1947 exemplum,
675 1903 869 1936 studiosam
888 1903 1010 1942 vitam,
1028 1903 1173 1948 Deoque
1199 1904 1333 1947 optimo
1359 1903 1513 1937 maximo
1540 1913 1676 1946 semper

291 1967 480 2005 acceptam,
498 1961 710 2004 relinquens,
729 1959 893 1993 Com-ano
909 1969 992 2004 rege
1010 1960 1122 1994 Scotis
1146 1961 1403 2004 imperitante.”
1453 1959 1620 1992 Meminit
1639 1966 1673 1993 et

291 2018 314 2051 J
317 2029 446 2052 oannes
465 2017 654 2051 Fordunus
673 2016 770 2050 Hist.
790 2016 882 2050 Scot.
902 2016 961 2050 lib.
981 2024 1041 2049 111.
1060 2016 1122 2059 qui
1140 2016 1191 2049 ait
1209 2026 1290 2049 eum
1308 2014 1488 2058 scripsisse

435 2074 657 2108 Documenta
674 2074 718 2107 ad
737 2073 876 2107 Fideles
1298 2072 1358 2105 lib.
1378 2080 1403 2104 1.

437 2130 491 2164 De
509 2131 757 2165 Persecutione
775 2130 948 2163 Saxonica
1298 2128 1357 2161 lib.
1378 2136 1403 2161 Ι.
1435 2127 1529 2161 Gens
1544 2139 1584 2161 ea
1598 2127 1676 2161 bar-

486 2188 571 2221 bara
588 2187 728 2221 feritate
745 2187 847 2221 littus
865 2186 997 2220 Oceani
1012 2187 1209 2220 Britannici
1223 2186 1380 2230 primum
1394 2184 1597 2224 obsidebat3
1617 2186 1675 2218 de-

487 2245 568 2278 inde
596 2245 776 2290 regionem
807 2244 920 2288 ipsam
950 2243 1119 2289 ingressa,
1151 2244 1242 2277 cives
1269 2253 1400 2281 omnes,
1432 2242 1491 2275 sed
1517 2242 1673 2275 maxime

488 2301 708 2335 Christianos
726 2300 912 2334 mactabat.

338 2359 492 2393 Vivebat
509 2369 601 2393 anno
621 2367 798 2392 Dxxxw.

949 2417 971 2447 2
991 2423 1016 2447 E
