2060 2848
385 337 449 370 392
769 337 1000 371 HISTORIA
1025 337 1399 372 ECCLESIASTICA

537 432 592 466 De
610 431 821 466 Solitudinis
840 432 1014 467 Encomio
1328 433 1390 467 lib.
1410 442 1436 467 1.

536 489 592 524 De
609 489 781 524 Amicitia
799 490 977 535 spirituali
1327 491 1389 525 lib.
1410 500 1436 524 1.

438 548 590 588 Quando
608 548 750 589 vixerit,
768 559 840 582 non
858 548 1086 592 deprehendi,
1105 552 1194 592 puto
1211 551 1331 582 tamen
1351 557 1545 582 MCLxxx.

896 662 920 696 J
923 661 1141 696 OANNES.
1196 663 1278 699 734.

386 779 409 812 J
413 787 578 813 OANNES
592 779 669 818 iste,
684 777 928 812 sanctissimae
941 777 1037 810 vitae
1050 776 1206 816 habitus,
1221 776 1260 809 in
1278 775 1397 816 Italia,
1412 775 1550 818 Galliis,
1567 777 1781 819 Germaniis,

386 848 425 870 ac
443 836 579 882 Anglia
595 835 855 882 peregrinatus,
877 834 1058 880 jejunavit
1085 838 1121 867 et
1143 833 1231 867 foris
1251 841 1320 867 XL.
1345 834 1431 873 dies,
1458 838 1492 868 et
1512 835 1620 875 domi,
1640 847 1661 869 a
1679 835 1783 870 Jaco-

385 895 429 928 bo
447 893 492 928 V.
511 905 594 939 rege
607 894 742 938 jussus,
761 892 911 926 totidem
929 890 1022 925 turri
1040 890 1210 930 inclusus,
1237 895 1273 924 et
1298 891 1505 925 custodibus
1530 893 1714 936 appositis,
1741 898 1783 927 ut

384 953 455 985 late
481 950 649 984 describit
674 949 831 984 Joannes
857 948 1026 982 Leslaeus
1045 947 1106 981 lib.
1127 957 1184 981 IX.
1203 959 1286 994 pag.
1306 957 1483 983 eDXXXI.
1538 948 1782 985 Hanc'tamen

383 1008 583 1043 sanctitatis
613 1008 790 1042 maximae
819 1017 964 1050 operam
995 1005 1163 1050 sugillare
1194 1010 1278 1039 sunt
1305 1006 1383 1040 ausi
1418 1007 1579 1051 plerique
1613 1007 1779 1052 improbi,

382 1067 547 1112 phrenesi
576 1066 801 1104 ascribentes,
829 1064 924 1109 quod
950 1074 1075 1097 revera
1101 1063 1227 1108 pietati
1254 1063 1458 1097 debebatur.
1509 1063 1671 1110 Scripsit,
1700 1077 1780 1110 pro-

383 1125 523 1169 phetico
540 1123 681 1168 spiritu,

530 1180 753 1216 Vaticinium
771 1180 813 1213 de
832 1178 1019 1224 Religione
1037 1178 1075 1212 in
1089 1177 1212 1228 flScotia
1238 1179 1440 1219 evertenda,
1468 1191 1507 1214 ac
1535 1191 1619 1214 mox
1645 1186 1780 1216 restau-

579 1239 701 1278 randa,
1008 1263 1022 1279 -,
1324 1236 1383 1270 lib.
1404 1246 1430 1270 1.

433 1296 572 1331 Claruit
591 1307 684 1330 anno
704 1304 892 1330 Mnxmx.

887 1410 911 1444 J
913 1408 1130 1445 OANNES.
1186 1412 1267 1447 735.

379 1529 571 1563 JOANNES
602 1528 787 1572 episcopus
819 1527 1000 1561 Candidae
1035 1525 1157 1565 Casae,
1194 1525 1257 1570 qui
1293 1526 1410 1559 oleum
1445 1531 1481 1560 et
1516 1526 1681 1569 chrisma,
1719 1539 1778 1573 ap-

379 1587 642 1631 propinquante
670 1597 778 1620 coena
807 1585 965 1624 Domini,
994 1579 1110 1617 voluit'
1138 1582 1293 1617 Eboraci
1323 1594 1540 1624 consecrare,
1573 1590 1648 1619 erat
1681 1586 1775 1619 enim

380 1644 548 1683 officialis,
572 1648 614 1677 ut
640 1648 779 1685 vocant,
804 1642 976 1677 Gaufredi
1001 1640 1278 1685 archiepiscopi3
1306 1641 1368 1674 sed
1394 1641 1548 1676 decanus
1575 1641 1776 1677 Eboracen-

379 1702 428 1736 sis
456 1701 606 1736 obstitit.
657 1700 749 1735 Vide
779 1700 963 1746 Rogerum
991 1698 1229 1734 Hovedenum
1256 1703 1348 1743 part.
1377 1708 1420 1733 11.
1450 1710 1530 1746 pag.
1565 1709 1773 1735 cnxxvln.

380 1760 489 1794 Forte
506 1760 566 1793 ille
583 1763 637 1793 est
654 1759 716 1803 qui
734 1758 876 1802 scripsit

525 1816 582 1850 Do
600 1815 725 1849 Officio
743 1814 913 1859 Episcopi
1013 1814 1073 1849 lib.
1093 1823 1155 1848 111.
1173 1825 1263 1859 quos
1283 1814 1435 1849 Balaeus
1454 1815 1533 1850 aliis
1552 1816 1707 1850 ascribit.
1735 1810 1742 1816 “

427 1874 583 1909 Vivebat
600 1884 693 1908 anno
713 1881 869 1907 Mcxev.

776 1986 821 2020 B.
848 1986 904 2020 IN
907 1986 1157 2022 GELRANN
1159 1988 1231 2023 US.
1285 1988 1367 2027 736.

377 2103 420 2138 Β.
458 2104 775 2143 INGELRANNUS,
819 2113 883 2136 seu
916 2101 1195 2150 Angelramnus,
1238 2110 1279 2139 ut
1322 2105 1360 2139 in
1403 2105 1668 2141 Scotichronico
1711 2107 1771 2141 lib.

377 2171 467 2195 Vin.
495 2173 570 2205 cap.
602 2170 670 2195 XV.
702 2160 971 2195 archidiaconus
1003 2173 1068 2196 suo
1098 2164 1217 2197 seculo
1247 2164 1353 2209 longe
1379 2164 1539 2197 omnium
1564 2166 1770 2208 praesulum

376 2220 604 2258 clarissimus,
624 2220 666 2253 de
685 2230 755 2263 quo
774 2218 867 2265 Rog.
887 2218 1073 2253 Hoveden.
1091 2219 1224 2255 Annal.
1243 2226 1336 2266 part.
1358 2230 1402 2255 11.
1429 2232 1513 2267 pag.
1533 2230 1770 2255 CCLXXXIII.

378 2283 397 2297 ‘⁶
429 2277 530 2311 Obiit
566 2276 784 2310 Herebertus
815 2276 1042 2311 Glascuensis
1072 2278 1270 2323 episcopus,
1301 2279 1357 2312 cui
1388 2278 1557 2312 successit
1587 2270 1771 2324 Ingelran-

376 2346 443 2369 nus
469 2335 564 2381 regis
591 2335 830 2375 cancellarius,
857 2339 892 2368 et
919 2340 1142 2370 consecratus
1165 2337 1210 2371 ab
1235 2336 1442 2370 Alexandro
1461 2335 1532 2369 III.
1556 2347 1649 2380 papa
1675 2338 1770 2382 apud

376 2392 548 2426 Senonem
585 2393 797 2426 civitatem.''
863 2392 1024 2427 Invictus
1064 2394 1196 2428 vindex
1235 2394 1391 2428 Scoticae
1430 2394 1593 2428 ecclesiae
1627 2394 1769 2429 liberta-

376 2451 432 2490 tis,
459 2454 494 2484 et
520 2451 735 2495 disputando
761 2449 926 2491 Eboraci,
953 2455 987 2485 et
1018 2462 1039 2485 a
1070 2452 1239 2486 violentia
1270 2451 1415 2498 Rogeri,
1444 2452 1618 2486 antistitis
1642 2452 1765 2499 Angli,
