2060 2848
677 274 854 307 GENTIS
877 274 1154 314 SCOTORUM,
1178 275 1268 308 LIB.
1294 276 1395 309 xlx.
1672 276 1736 309 667

347 381 429 404 nam
448 379 591 404 causam
609 369 735 403 deinde
752 368 879 403 mortis
896 369 1128 404 illustrissimi
1145 370 1334 404 cardinalis
1357 369 1478 410 fuisse,
1495 369 1586 404 falso
1602 380 1733 405 memo·

347 432 404 462 rat
420 426 444 461 J
445 437 577 461 oannes
595 425 749 460 Boterus
766 437 804 471 p.
822 435 883 460 111.
901 425 1078 461 Relation.
1097 427 1159 462 lib.
1179 434 1206 461 1.
1222 437 1305 473 pag.
1324 436 1378 461 LI.
1430 427 1580 471 Scripsit

494 483 551 517 De
568 483 658 517 Fide
675 494 741 517 sua
1191 484 1254 518 lib.
1273 493 1300 518 1.
1351 485 1452 529 Opus
1469 484 1686 519 damnatum.

496 539 632 574 Contra
649 539 795 574 Clerum
811 539 991 575 Scoticum
1191 540 1253 575 lib.
1274 549 1300 575 1.

396 596 552 632 Vivebat
568 608 663 632 anno
682 606 817 632 MDLX.

781 711 942 747 SIMON
964 711 1144 748 WITUS.
1197 716 1306 753 1192.

349 828 484 861 SIMON
504 826 627 863 lVitus
651 827 891 873 Templarius,
915 838 1139 863 communem
1161 829 1296 863 ordinis
1319 828 1376 863 sui
1399 828 1672 864 internecionem
1697 840 1737 864 ac

351 885 482 919 cladem
503 884 656 931 fugiens,
674 886 712 919 in
730 885 915 920 Orientem
932 896 970 920 se
986 886 1176 931 proripuit,
1193 890 1230 921 et
1246 886 1400 921 fratrum
1416 897 1560 921 suorum
1573 886 1738 921 innocen-

351 942 440 977 tiam
458 942 601 987 scriptis
619 943 892 988 depraedicavit,
910 943 1006 978 edito
1023 954 1129 989 opere
1146 943 1189 978 de

501 999 789 1045 Templariorum
828 999 1038 1035 Innocentia
1086 1001 1147 1035 lib.
1182 1010 1209 1036 1.
1265 1001 1367 1046 Opus
1405 1006 1619 1046 suspectum,
1655 1012 1739 1036 nam

549 1058 668 1102 ipsum
694 1057 808 1091 videri
833 1062 953 1102 posset
978 1063 1201 1102 praepostere
1226 1059 1343 1093 ordini
1373 1069 1439 1093 suo
1466 1058 1738 1103 patrocinatum.

549 1115 679 1160 Operis
696 1115 831 1150 mentio
849 1115 888 1148 in
906 1114 1079 1149 Processu
1096 1114 1395 1160 Templariorum.

403 1174 516 1208 Ortus
532 1172 591 1207 hic
614 1172 700 1207 ordo
726 1172 986 1217 Hierosolymis
1011 1183 1093 1206 cum
1118 1171 1289 1207 fratribus
1316 1172 1535 1213 Teutonicis,
1559 1177 1596 1207 et
1620 1173 1742 1207 ordine

353 1230 515 1265 Militum
544 1229 730 1275 Sepulchri
756 1228 949 1269 Dominici‚
981 1230 1044 1274 qui
1073 1229 1110 1264 S.
1140 1229 1301 1270 Joannis,
1337 1241 1400 1264 seu
1428 1229 1649 1265 Rhodienses
1679 1235 1741 1265 aut

354 1288 572 1329 Melitenses,
587 1292 771 1328 vocantur,
788 1286 812 1321 J
814 1287 943 1321 odocus
956 1286 1161 1321 Ludovicus
1175 1286 1305 1321 Decius
1323 1286 1385 1321 lib.
1405 1296 1430 1321 1.
1446 1285 1624 1322 Vetustat.
1641 1287 1742 1322 Polo·

354 1346 464 1380 nicar.
490 1356 572 1391 pag.
599 1353 781 1380 CCLXXX.
808 1349 844 1379 et
867 1355 947 1379 cum
972 1344 1142 1390 gravibus
1167 1355 1205 1378 se
1230 1344 1328 1378 vitiis
1355 1344 1586 1389 inquinasset,
1616 1356 1638 1379 a
1666 1344 1742 1379 Cle-

356 1407 474 1438 mente
491 1402 539 1438 V.
557 1403 704 1437 concilio
721 1401 917 1437 Viennensi
936 1401 1126 1436 damnatus
1142 1406 1207 1442 est,
1224 1402 1404 1436 nonnullis
1417 1402 1590 1447 supplicio
1602 1402 1743 1447 capitali

355 1461 530 1495 multatis.
581 1460 732 1495 Martin.
751 1459 910 1494 Cromer.
927 1459 988 1493 lib.
1008 1467 1065 1493 XI.
1085 1458 1224 1494 Histor.
1243 1458 1400 1494 Polonic.
1418 1469 1500 1507 pag.
1519 1467 1725 1494 DLXXXW.

405 1517 562 1553 Vivebat
579 1517 702 1552 Witus
721 1528 815 1552 anno
833 1525 987 1552 nccex.

688 1632 922 1667 JOANNES
947 1631 1251 1667 WILLOXIUS.
1304 1633 1412 1669 1193.

356 1749 379 1784 J
384 1756 549 1783 OANNES
566 1747 770 1787 Willoxius,
788 1746 943 1791 perfidus
962 1750 1134 1790 apostata,
1153 1746 1326 1780 nefandus
1343 1746 1524 1787 sectarius,
1542 1746 1744 1791 impiissimi

356 1807 493 1852 collega
510 1804 656 1843 Knoxfi,
680 1803 816 1849 synodo
833 1802 1112 1848 Edimburgensi
1133 1802 1333 1844 damnatus,
1359 1802 1482 1837 Perthi
1501 1803 1577 1838 Deo
1601 1803 1742 1842 bellum,

358 1875 430 1898 non
456 1868 597 1897 tantum
623 1860 787 1906 principi,
814 1860 956 1900 indixit,
982 1860 1085 1894 aedes
1110 1870 1226 1894 sacras
1251 1860 1418 1900 incendit,
1444 1860 1626 1906 religiosos
1647 1860 1742 1895 viros

357 1919 539 1959 mactavit,
557 1919 717 1963 nihilque
734 1929 808 1952 non
824 1928 863 1951 se
879 1917 1029 1963 dignum
1046 1916 1276 1962 perpetravit.
1319 1916 1343 1950 J
1344 1927 1423 1951 oan.
1441 1916 1610 1952 Leslaeus
1622 1917 1683 1952 lib.
1702 1926 1743 1952 x.

360 1978 499 2012 Histor.
520 1976 613 2011 Scot.
632 1987 713 2022 pag.
733 1983 895 2009 DXLvu.
947 1973 1098 2018 Scripsit

506 2034 623 2078 Impia
639 2033 813 2078 quaedam
864 2031 925 2066 lib.
946 2040 971 2066 1.
989 2031 1052 2066 sed
1069 2042 1141 2066 non
1158 2031 1244 2066 vidi.

408 2091 563 2126 Vivebat
581 2101 675 2125 anno
693 2098 845 2124 MDle.

600 2202 910 2239 GUALTERUS
935 2201 1210 2243 WARDLAU,
1236 2201 1283 2237 E.
1311 2202 1352 2238 C.
1405 2204 1513 2241 1194.

363 2322 616 2357 GuALTERUs
649 2319 834 2360 WVardlau,
869 2318 1054 2364 episcopus
1088 2317 1324 2359 Glascuensis,
1353 2316 1391 2353 S.
1425 2317 1472 2352 R.
1507 2316 1555 2352 E.
1587 2316 1746 2353 cardina-

361 2381 404 2415 lis
434 2390 457 2414 a
485 2377 658 2425 Gregorio
686 2376 755 2412 XI.
794 2381 836 2411 ut
874 2380 1032 2421 apparet,
1068 2379 1217 2416 creatus,
1253 2379 1275 2396 “
1304 2375 1367 2421 qui
1402 2374 1578 2423 dignitate
1607 2385 1747 2410 summa
