2060 2848
371 327 434 357 418
753 323 986 357 HISTORIA
1011 323 1384 356 ECCLESIASTICA

371 421 666 465 archiepiscopus,
692 420 804 464 ipsius
830 420 924 465 regis
943 419 1147 465 cognatus.”
1200 418 1321 464 Hujus
1343 419 1534 462 prudentia
1551 423 1586 453 et
1605 419 1766 458 consilio,

371 479 550 512 Henricus
578 477 642 512 VI.
674 476 809 523 Anglia
839 478 975 521 pulsus,
1009 476 1265 510 humanissime
1300 480 1462 520 receptus
1497 477 1536 510 in
1566 476 1698 516 scotia,
1732 482 1766 510 et

369 537 414 570 ad
432 535 713 580 recuperandum
731 545 881 580 regnum
904 545 975 568 non
999 534 1197 579 vulgariter
1220 533 1376 578 adjutus.
1431 533 1520 567 Tria
1542 534 1601 567 hic
1623 534 1764 578 aequali

369 595 486 628 fertur
502 593 618 638 pretio
642 603 721 626 aere
744 603 809 626 suo
833 591 1083 631 fabricavissc;
1110 590 1308 636 Collegium
1333 590 1368 624 S.
1388 589 1583 625 salvatoris
1602 591 1640 624 in
1664 591 1765 625 Fano

369 651 456 685 Divi
481 650 658 690 Andreae,
682 650 814 684 ibidem
838 649 1065 694 sepulchrum
1089 659 1132 682 ex
1156 659 1332 682 marmore
1356 648 1709 692 sumptuosissimum
1728 649 1766 682 in

369 720 440 754 quo
459 708 561 743 condi
581 707 706 747 voluit,
726 707 898 753 Bargiam
924 717 1064 747 navem,
1091 706 1135 739 de
1160 716 1232 750 qua
1257 717 1366 750 supra
1389 705 1456 739 hoc
1482 716 1598 750 opere.
1651 705 1767 750 Scrip-

370 767 416 800 sit

517 822 660 856 Monita
678 821 829 855 Politica
879 821 940 855 lib.
960 830 985 854 1.
1005 831 1096 865 quae
1113 819 1137 853 J
1140 825 1241 854 ustus
1260 819 1405 863 Lipsius
1424 820 1575 854 viderat.

520 879 719 914 Historiam
737 879 794 913 sui
813 877 1003 922 Temporis
1054 877 1114 912 lib.
1135 886 1160 911 1.
1179 877 1240 911 sed
1257 888 1329 911 non
1347 878 1491 922 prodiit.

418 937 582 972 Excessit
601 937 637 970 in
657 935 935 981 archiepiscopio
952 947 1017 970 suo
1035 947 1129 970 anno
1148 943 1355 969 MCDLXVI.
1373 935 1431 969 die
1450 944 1488 969 x.
1509 934 1611 970 Maii.

827 1050 862 1084 S.
892 1049 1164 1084 KANILLUS.
1223 1049 1305 1088 768.

369 1170 404 1203 S.
424 1169 656 1208 KANILLUS,
675 1167 823 1202 eremita
840 1166 976 1201 ordinis
994 1165 1233 1207 Benedictini,
1252 1167 1368 1201 socius
1386 1178 1427 1201 ac
1450 1167 1646 1212 discipulus
1668 1179 1766 1214 mag-

369 1228 405 1260 ni
423 1227 519 1260 illius
538 1224 688 1265 Buonis,
711 1227 948 1271 cognomento
970 1222 1095 1264 Bardi,
1119 1224 1157 1257 in
1181 1223 1405 1270 Argathelia,
1433 1224 1583 1269 aliisque
1600 1226 1765 1270 plurimis

369 1284 463 1328 apud
489 1284 669 1318 silvestres
695 1286 836 1316 nostros
862 1280 998 1321 Scotos‚
1026 1282 1152 1315 erectis
1179 1282 1322 1326 templis
1348 1282 1483 1322 cultus;
1510 1283 1554 1316 de
1579 1294 1650 1327 quo
1676 1283 1766 1317 nihil

368 1342 464 1375 aliud
483 1341 606 1381 habeo,
624 1351 688 1374 nec
706 1340 922 1384 scriptorum
939 1338 1056 1383 apices
1074 1338 1120 1372 ad
1138 1350 1202 1373 nos
1221 1344 1475 1384 pervenerunt.

416 1398 556 1432 Floruit
575 1408 669 1432 anno
687 1405 871 1431 Dccxcn.

873 1510 908 1545 S.
937 1510 1114 1545 ΚΕΙΝΑ.
1169 1509 1252 1548 769.

368 1628 404 1662 S.
425 1628 578 1667 KEINA,
604 1639 666 1661 seu
691 1626 841 1666 Keiana,
868 1626 972 1672 virgo
990 1625 1202 1660 Britannica
1224 1626 1458 1667 sanctissima,
1485 1633 1526 1662 ut
1552 1627 1764 1668 Camdenus,

368 1686 474 1719 homo
497 1684 715 1718 orthodoxae
738 1683 818 1716 fidei
843 1682 1015 1724 infensus,
1039 1683 1174 1718 fatetur
1197 1694 1278 1729 pag.
1308 1692 1453 1718 CLXIX.
1482 1684 1715 1726 Britanniae;
1744 1698 1765 1719 a

368 1744 469 1788 cujus
488 1742 631 1776 nomine
649 1741 841 1775 Cainsham
861 1741 1032 1785 oppidum
1059 1741 1104 1775 ad
1130 1741 1298 1775 Anonam
1323 1741 1362 1775 in
1383 1753 1470 1788 agro
1497 1741 1763 1783 Somersetensi,

368 1800 404 1833 id
423 1805 486 1840 est,
508 1799 643 1833 Keinae
661 1798 879 1832 domicilium
896 1808 905 1838 ;
934 1799 972 1832 in
990 1810 1061 1843 quo
1079 1803 1207 1838 tractu,
1234 1810 1314 1833 cum
1334 1805 1514 1844 serpentes
1540 1800 1673 1835 incolas
1698 1802 1765 1834 mi-

368 1868 446 1891 rum
475 1857 512 1890 in
543 1855 941 1896 modum'infestarent,
973 1867 1032 1890 eos
1064 1856 1165 1903 virgo
1195 1856 1262 1890 Dei
1293 1857 1331 1890 in
1358 1857 1493 1902 lapides
1518 1859 1762 1902 permutavit3

367 1920 474 1959 atque
497 1914 693 1948 etiamnum
719 1913 824 1947 hodie
850 1914 1025 1958 serpentis
1051 1914 1089 1948 in
1114 1925 1246 1960 gyrum
1271 1915 1424 1949 revoluti
1452 1914 1601 1961 effigiem
1629 1916 1763 1960 lapides

366 1972 570 2011 ostendunt,
600 1971 703 2015 cujus
730 1975 837 2015 caput
863 1971 900 2004 in
927 1971 1220 2006 circumferentia
1244 1972 1434 2016 prominet,
1460 1973 1591 2007 caudas
1621 1978 1764 2008 centum

367 2033 535 2074 occupat:
559 2029 655 2073 quod
672 2029 884 2062 miraculum
904 2028 1038 2063 frustra
1056 2029 1263 2063 heterodoxi
1280 2029 1431 2070 rideant,
1449 2031 1536 2064 dum
1550 2041 1614 2065 nos
1632 2030 1764 2065 Catho-

368 2088 425 2120 lici
443 2087 740 2131 depraedicemus,
760 2090 795 2119 et
812 2085 889 2120 Deo
913 2087 950 2120 in
974 2087 1127 2133 virginis
1146 2087 1311 2131 operibus
1329 2087 1587 2123 benedicemus.
1640 2088 1762 2123 Credi-

367 2145 435 2178 bile
453 2155 558 2188 porro
577 2148 643 2183 est,
660 2143 751 2177 hanc
768 2154 843 2177 esse
861 2155 879 2177 e
896 2154 1027 2190 genere
1043 2144 1140 2178 illius
1158 2144 1254 2179 Scoti
1273 2145 1415 2187 Keiani,
1440 2147 1515 2190 qui,
1537 2150 1578 2180 ut
1596 2145 1761 2180 Nennius

367 2202 461 2246 apud
492 2201 711 2235 Camdenum
742 2201 859 2241 habet,
893 2201 1027 2237 Silures
1057 2208 1092 2237 et
1123 2201 1297 2242 Dimetas,
1328 2204 1404 2237 sive
1432 2201 1764 2249 Glamorganshire

368 2264 403 2292 et
436 2255 790 2299 Caermardenslzire,
822 2259 972 2304 imperio
1005 2260 1222 2300 obtinuerat,
1254 2265 1295 2294 ut
1325 2261 1363 2295 in
1392 2261 1535 2295 illarum
1562 2261 1762 2305 provincia-

368 2327 447 2350 rum
466 2316 673 2350 delineanda
692 2316 842 2351 historia
860 2317 953 2351 idem
972 2322 1096 2352 auctor
1113 2322 1166 2352 est
1182 2328 1190 2350 ε
1218 2329 1280 2352 nec
1298 2319 1327 2352 si
1346 2318 1433 2363 quid
1451 2318 1604 2363 scripsit,
1630 2319 1674 2352 ad
1694 2330 1757 2352 nos

367 2373 520 2407 devenit.

416 2430 568 2464 Vivebat
586 2441 679 2465 anno
698 2440 761 2464 ci).
814 2432 955 2468 Colitur
972 2441 1106 2468 XXVII.
1127 2432 1325 2467 Februarii.
