2060 2848
659 300 834 334 GENTIS
858 300 1132 339 scoTORUM,
1157 300 1245 334 L113.
1271 300 1383 333 xvn.
1627 301 1710 333 *577

728 450 764 484 S.
791 449 935 490 SYRA,
962 450 1007 484 R.
1034 450 1076 484 F.
1104 450 1148 485 V.
1203 452 1309 487 1037.

768 520 781 534 ι

327 565 363 599 S.
384 564 507 604 Simu,
527 563 600 598 filia
617 562 773 610 Eugenii
788 563 851 599 IV.
870 565 975 611 regis,
993 564 1036 598 de
1052 574 1124 609 qua
1141 562 1275 598 Hector
1288 563 1460 598 Boethius
1474 564 1535 598 lib.
1552 573 1608 598 lx.
1625 563 1708 598 His-

326 628 394 655 tor.
412 621 505 656 Scot.
530 632 612 667 pag.
631 629 801 655 CLXXIV.
828 626 850 641 “
868 621 959 655 Erat
977 620 1116 655 Fiacrio
1133 631 1242 661 soror,
1266 621 1368 666 virgo
1390 622 1622 660 sanctissima,
1647 631 1708 654 no-

327 679 423 713 mine
439 678 542 724 Syra,
562 689 652 723 quae
678 679 801 712 audita
825 678 946 712 fratris
972 678 1159 712 sanctitate
1185 678 1230 711 ad
1255 688 1336 711 eum
1361 678 1399 711 in
1425 678 1598 712 Meldensi
1624 688 1709 723 agro

327 735 607 770 anachoreticam
637 735 750 769 vitam
784 740 947 781 agentem
972 745 1053 769 cum
1078 734 1275 779 majusculo
1301 739 1502 769 sanctarum
1528 734 1708 780 virginum

326 793 499 827 comitatu
521 803 559 826 se
582 792 737 837 recepit3
769 803 859 836 quae
882 792 926 826 ab
959 803 999 825 eo
1025 802 1104 825 cum
1130 791 1306 825 sodalibus
1332 792 1370 824 in
1388 796 1508 825 sancto
1526 791 1706 835 proposito

326 849 533 883 confirmata
561 849 606 883 ad
640 848 859 883 Gallicanam
892 848 1124 893 Campaniam
1157 859 1193 881 se
1228 848 1388 888 contulit,
1422 848 1483 882 ubi
1518 859 1580 892 per
1614 848 1707 881 vitae

326 906 562 946 sanctitatem,
589 910 625 940 et
654 907 747 939 clara
770 906 969 939 sanctitatis
989 905 1102 951 signa,
1129 905 1304 950 insignem
1329 905 1385 939 sui
1411 905 1554 949 reliquit
1579 915 1708 938 memo-

325 963 448 996 riam.'’
499 962 574 997 Nec
603 963 707 1007 plura
731 963 826 1007 apud
851 966 989 996 exteros
1014 962 1201 1006 scriptores
1226 962 1269 995 de
1294 962 1355 995 illa
1379 962 1473 1006 quod
1498 962 1617 1001 sciam,
1644 972 1707 994 nec

327 1019 582 1065 martyrologia
610 1020 683 1054 ulla
716 1019 964 1058 meminerunt,
999 1019 1080 1052 licet
1117 1019 1155 1052 in
1193 1018 1387 1062 Campania
1424 1018 1558 1052 Gallica
1596 1019 1707 1051 multa

326 1076 398 1109 sint
440 1077 572 1119 templa
614 1076 691 1121 ejus
728 1075 855 1109 honori
890 1079 1015 1114 erecta,
1049 1075 1231 1118 multaque
1265 1080 1465 1109 sanctarum
1500 1074 1706 1108 monialium

325 1133 492 1172 claustra,
526 1132 593 1166 sub
626 1132 704 1178 ejus
738 1142 837 1166 sacra
869 1130 999 1165 militia
1032 1131 1242 1165 viventium.
1305 1131 1398 1166 Acta
1427 1132 1588 1166 ecclesiae
1618 1130 1706 1164 Mel-

325 1189 442 1223 densis
469 1188 572 1223 MSS.
598 1189 655 1224 Jo.
683 1188 851 1223 Leslaeus
872 1188 932 1221 lib.
960 1196 1014 1221 1v.
1041 1198 1121 1233 pag.
1141 1196 1233 1222 eLv.
1259 1188 1384 1223 Arnol.
1413 1188 1531 1222 Uvion
1556 1188 1616 1221 lib.
1646 1196 1704 1220 111.

325 1245 431 1291 Lign.
451 1246 556 1280 Vitae
573 1257 654 1293 pag.
675 1254 807 1280 van.
858 1245 966 1279 Forte
983 1245 1104 1278 eadem
1127 1245 1195 1278 erit
1220 1244 1314 1279 Siria
1337 1250 1510 1284 matrona,
1536 1255 1642 1288 quam
1667 1244 1705 1276 in

325 1303 504 1337 territorio
532 1302 699 1338 Trecensi
730 1303 860 1337 cultam
890 1301 990 1336 docet
1022 1301 1077 1335 die
1109 1310 1196 1336 vul.
1227 1302 1328 1336 Junii
1357 1302 1487 1336 Molan.
1519 1300 1702 1334 Addition.

326 1358 493 1394 Usuardi.
545 1360 695 1405 Scripsit

472 1418 526 1451 De
543 1417 673 1451 Sancta
692 1417 833 1451 Monica
1208 1417 1268 1451 lib.
1290 1426 1314 1451 1.

472 1474 722 1508 Meditationes
1209 1474 1269 1508 lib.
1289 1483 1313 1507 1.

473 1530 751 1565 Exhortationes
769 1531 814 1565 ad
831 1530 974 1565 Sorores
1211 1531 1271 1564 lib.
1292 1540 1316 1564 1.
1384 1531 1482 1570 Quae
1520 1531 1557 1563 in
1592 1531 1701 1574 ipsius

519 1587 743 1621 monasteriis
760 1588 922 1634 religiose
940 1592 1167 1621 asservantur
1184 1588 1222 1621 in
1239 1588 1360 1621 eadem
1377 1588 1580 1632 Campania.

373 1644 513 1678 Floruit
543 1655 636 1678 anno
667 1652 858 1678 Dcxxxu.
890 1655 961 1688 quo
989 1643 1135 1677 fratrem
1166 1655 1269 1678 suum
1304 1644 1340 1678 S.
1374 1645 1551 1679 Fiacrium
1585 1648 1702 1678 secuta

324 1711 492 1735 oceanum
511 1701 670 1746 trajecit:
696 1701 838 1745 quando
864 1700 1001 1740 obierit,
1028 1711 1098 1734 non
1116 1702 1279 1744 comperi.
1307 1701 1553 1736 Calendarium
1572 1702 1699 1735 Adami

325 1758 430 1803 Regii
449 1758 601 1791 natalem
619 1757 758 1801 reponit
775 1757 813 1790 in
830 1767 962 1791 annum
982 1765 1154 1791 Dcxmu.

660 1870 704 1904 B.
730 1869 799 1904 JO.
826 1869 1023 1909 SCOTUS‚
1050 1870 1208 1904 EREM.
1263 1874 1366 1909 1037.

325 1984 367 2017 Β.
398 1984 588 2018 JOANNES
619 1983 744 2018 Scotus
775 1983 992 2023 Tevidalius‚
1022 1984 1114 2017 idem
1141 1985 1199 2019 ille
1224 1995 1304 2019 cum
1328 1984 1464 2019 Joanne
1487 1986 1696 2031 jejunatore,

321 2041 364 2075 de
394 2052 464 2085 quo
507 2041 566 2075 lib.
599 2050 654 2074 lx.
694 2051 812 2085 supra,
841 2040 900 2074 sed
933 2041 1018 2085 quia
1047 2041 1089 2073 de
1120 2051 1160 2074 eo
1189 2042 1302 2075 multa
1334 2046 1459 2076 notatu
1492 2043 1697 2088 dignissima

323 2098 471 2132 tradidit
515 2097 696 2131 Gilbertus
739 2097 895 2136 Brunus,
936 2097 1044 2131 abbas
1085 2097 1316 2138 Dulcicordis,
1354 2099 1392 2131 in
1426 2098 1696 2134 collectionibus

326 2155 525 2194 Historicis,
559 2165 631 2188 non
667 2154 733 2188 erit
773 2153 865 2187 forte
902 2153 1082 2199 ingratum
1124 2165 1197 2187 rem
1232 2158 1304 2188 tam
1338 2155 1546 2198 stupendam
1582 2157 1696 2191 verbis

324 2212 436 2255 ipsius
466 2222 509 2245 ex
539 2211 655 2256 patrio
680 2221 839 2245 sermone
864 2210 901 2243 in
927 2210 1097 2244 Latinum
1125 2211 1234 2244 versis
1264 2215 1429 2255 repetere.
1483 2217 1502 2230 ‘⁶
1530 2212 1608 2246 Hoc
1636 2225 1697 2248 au-

324 2267 404 2307 no‚''
430 2268 557 2312 inquit,
591 2272 612 2287 “
635 2267 789 2301 Joannes
815 2266 907 2301 Scot.
933 2267 971 2300 in
997 2266 1181 2300 Tevidalia
1205 2271 1320 2306 natus,
1349 2267 1559 2311 quibusdam
1584 2272 1696 2304 causis

326 2324 596 2368 impellentibus,
631 2324 727 2358 venit
762 2324 805 2357 ad
835 2323 1039 2358 coenobium
1076 2322 1111 2357 S.
1143 2322 1276 2364 Crucis,
1312 2323 1372 2358 ubi
1410 2324 1614 2361 observatus
1643 2332 1694 2361 est

974 2382 996 2413 2
1016 2389 1048 2414 M
