2060 2848
656 311 831 345 GENTIS
854 312 1130 352 SCOTORUM,
1155 314 1244 346 LIB.
1269 315 1351 347 XII.
1641 315 1703 347 477

319 405 349 438 si
382 403 593 443 Ludovicus,
623 409 811 449 paternum
837 417 971 440 morem
997 412 1148 446 secutus,
1174 418 1246 442 non
1275 408 1401 442 fuisset
1430 408 1486 442 cui
1517 409 1699 442 literarum

319 472 404 494 cura
421 472 491 495 non
509 462 625 495 minor
649 473 755 506 quam
782 463 876 506 patri
904 462 1006 496 fuit?
1057 463 1184 497 Paucis
1202 464 1418 509 interjectis:
1438 469 1458 484 ‘⁶
1478 465 1698 505 Parisiensis,

323 517 504 558 Patavina,
523 522 558 551 et
576 517 774 553 Ticinensis
793 520 989 553 academiae
1007 520 1173 554 Carolum
1192 521 1367 566 Magnum
1387 526 1569 565 parentem
1595 533 1700 556 suum

318 575 529 618 appellant.’'
571 574 639 608 Sed
658 575 850 616 Clemente,
868 576 1027 616 Rabano,
1045 576 1069 609 J
1071 588 1193 615 oanne‚
1212 582 1247 611 et
1265 577 1418 611 Alcuino
1436 577 1561 617 Scotis,
1579 579 1699 612 acade-

317 631 470 665 miarum
500 632 627 665 harum
657 631 919 673 fundatoribus,
948 635 1004 667 vel
1031 634 1101 667 alio
1128 634 1173 667 ad
1198 635 1421 678 praesulatus
1453 635 1615 676 evocatis,
1644 637 1700 669 vel

316 688 503 730 defunctis,
523 700 603 723 cum
621 701 722 734 pares
740 690 934 724 virtutibus
952 691 1109 734 ipsorum
1136 695 1172 724 et
1196 691 1386 724 eruditioni
1413 702 1484 725 non
1502 691 1701 726 inveniren-

317 750 378 779 tur
394 757 619 786 successores,
638 747 775 780 scholae
793 748 872 781 illae
889 746 1057 793 languere
1074 753 1274 791 coeperunt,
1298 748 1385 782 adeo
1410 753 1450 782 ut
1477 749 1543 782 sub
1568 749 1700 784 Lotha-

317 803 370 836 rio
404 807 439 836 et
469 803 651 838 Ludovico
681 804 953 848 imperatoribus
983 804 1021 837 in
1053 812 1105 837 VI.
1134 803 1293 837 Concilio
1319 804 1522 845 parisiensi,
1546 806 1606 840 lib.
1639 810 1718 840 111.'

317 871 391 904 cap.
412 869 487 893 XII.
504 861 571 894 sub
588 872 719 894 annum
746 869 970 894 DCCCXXIX.
998 859 1170 906 Gregorio
1197 860 1261 894 IV.
1289 861 1462 905 pontifice,
1482 862 1566 896 haec
1593 864 1700 898 verba

317 916 412 950 sint:
449 922 469 936 ‘⁶
495 917 667 951 Similiter
704 918 810 951 etiam
847 918 974 951 obnixe
1012 928 1052 951 ac
1088 918 1295 962 suppliciter
1329 924 1467 952 vestrae
1501 920 1699 954 celsitudini

316 974 550 1019 suggerimus,
568 979 619 1014 ut,
638 985 771 1008 morem
790 979 977 1018 paternum
996 979 1192 1018 sequentes,
1210 976 1334 1008 saltem
1353 976 1389 1008 in
1409 976 1523 1010 tribus
1550 988 1699 1022 congru-

316 1031 508 1064 entissimis
534 1031 674 1075 imperii
701 1031 810 1065 vestri
836 1032 921 1064 locis
946 1031 1084 1064 scholae
1110 1031 1268 1075 publicae
1294 1043 1338 1065 ex
1364 1038 1483 1066 vestra
1509 1035 1699 1068 autoritate

315 1086 412 1127 fiant,
430 1092 470 1121 ut
489 1088 587 1121 labor
604 1088 715 1132 patris
734 1088 840 1121 vestri
860 1093 895 1121 et
913 1092 1030 1121 vester
1047 1098 1110 1131 per
1126 1088 1306 1133 injuriam,
1325 1089 1420 1133 quod
1435 1090 1536 1129 absit,
1551 1091 1699 1125 labefac-

316 1144 423 1178 tando
445 1156 516 1178 non
541 1145 693 1188 pereat.’'
744 1145 847 1178 Clare
864 1144 982 1178 Caroli
1009 1143 1135 1189 Magni
1162 1156 1247 1178 cura
1272 1145 1439 1179 fundatas
1465 1150 1536 1180 tres
1563 1147 1698 1181 scholas

314 1206 484 1245 apparet;
512 1213 532 1235 a
551 1201 631 1235 filiis
650 1202 762 1246 ipsius
779 1206 1007 1240 restauratas,
1034 1206 1069 1234 et
1095 1202 1197 1235 novis
1223 1207 1344 1236 auctas
1370 1202 1638 1246 professoribus,
1665 1210 1700 1238 et

315 1263 419 1292 antea
444 1259 509 1292 hoc
532 1269 635 1302 opere
663 1259 887 1302 explicatum,
922 1263 956 1291 et
986 1259 1211 1292 consentiunt
1239 1259 1438 1302 scriptores.
1491 1259 1633 1294 Platina
1663 1263 1700 1295 in

315 1314 433 1348 Leone
452 1315 521 1349 ΙΙΙ.
573 1314 773 1349 Videantur
791 1314 940 1348 inferius
959 1315 996 1348 in
1015 1313 1171 1348 Rabano
1188 1316 1347 1349 dicenda.

362 1371 590 1405 Academiam
607 1371 827 1415 Papiensem,
843 1383 905 1405 seu
923 1372 1158 1411 Ticinensem‚
1177 1383 1198 1405 a
1215 1371 1343 1406 Carolo
1361 1373 1496 1419 Magno
1513 1374 1698 1409 fundatam

314 1429 380 1462 etsi
408 1436 503 1463 certo
536 1440 709 1463 consensu
738 1428 967 1472 Transalpini
1002 1429 1155 1468 tradant,
1190 1433 1309 1462 tamen
1344 1429 1427 1464 Itali
1461 1431 1550 1465 nihil
1586 1433 1699 1466 simile

314 1487 523 1525 retulerunt,
542 1486 702 1530 quinimo
722 1486 966 1520 Bernardinus
994 1485 1131 1524 Saccus,
1158 1486 1220 1529 qui
1247 1485 1472 1521 Ticinensem
1501 1487 1698 1523 Historiam

313 1542 429 1576 decem
449 1543 548 1577 libris
566 1547 619 1576 est
637 1543 852 1586 complexus,
879 1546 1064 1576 contentus
1082 1542 1125 1575 de
1143 1543 1283 1576 obsesso
1302 1543 1429 1578 Ticino
1454 1544 1638 1579 Desiderio
1665 1551 1699 1580 et

311 1605 414 1644 capto
431 1600 649 1639 disseruisse,
669 1599 760 1632 nihil
777 1599 820 1632 de
838 1599 957 1632 schola
978 1603 1093 1633 erecta
1118 1600 1247 1643 prodit,
1271 1600 1332 1633 sed
1355 1600 1441 1634 facit
1466 1602 1560 1645 quod
1587 1602 1699 1636 facere

312 1660 400 1694 solet
417 1657 599 1703 negligens
627 1661 662 1690 et
687 1656 849 1690 indoctus
876 1656 1037 1700 scriptor.
1089 1655 1164 1689 Alii
1192 1657 1304 1691 serius
1331 1658 1452 1691 multis
1479 1660 1603 1692 seculis
1621 1671 1698 1693 aca-

312 1716 463 1751 demiam
482 1714 530 1747 ibi
549 1714 777 1747 constitutam
796 1713 933 1752 volunt,
947 1714 1078 1747 scilicet
1092 1714 1158 1747 sub
1171 1713 1298 1747 Carolo
1313 1713 1378 1748 IV.
1392 1726 1485 1748 anno
1501 1724 1696 1750 MCCCLXI.

311 1773 405 1819 quod
428 1771 607 1816 probabile
635 1771 738 1804 duxit
764 1770 897 1803 Paulus
924 1770 1064 1804 Merula
1089 1775 1181 1815 part.
1210 1780 1252 1804 11.
1280 1771 1534 1817 Cosmograph.
1562 1774 1621 1807 lib.
1642 1783 1695 1807 IV.

310 1842 385 1874 cap.
421 1837 551 1862 xxxv.
587 1827 681 1871 quod
715 1826 903 1860 manifesto
935 1827 1076 1867 falsum,
1112 1828 1284 1871 siquidem
1321 1839 1361 1861 ea
1394 1829 1479 1862 urbs
1512 1830 1627 1873 prima
1660 1831 1697 1864 in

311 1898 351 1921 eo
369 1890 485 1920 tractu
502 1885 621 1917 lumen
639 1883 719 1917 fidei
741 1884 884 1927 accepit,
911 1883 1081 1927 Pompeio
1106 1884 1278 1927 discipulo
1304 1884 1423 1918 Sancti
1451 1885 1532 1930 Syri
1558 1888 1595 1920 in
1621 1888 1697 1932 ejus

312 1944 387 1977 vita
416 1946 568 1979 auctore,
603 1941 787 1984 primaque
817 1940 865 1973 cis
895 1940 1005 1984 Alpes
1040 1941 1235 1985 peregrinis
1270 1941 1472 1975 doctoribus
1506 1944 1694 1983 illustrata,

311 2000 427 2034 nobile
450 1998 519 2030 fuit
544 1998 716 2031 bonarum
742 1997 873 2031 artium
900 1997 1059 2030 omnium
1086 1998 1294 2041 emporium,
1321 1997 1460 2038 Scotici,
1492 1999 1629 2040 Gallici,
1659 2007 1693 2035 et

310 2055 454 2101 Anglici
484 2054 626 2087 annales
657 2064 777 2087 omnes
803 2054 878 2087 sine
902 2054 974 2086 ulla
1000 2053 1246 2098 discrepantia.
1298 2054 1367 2088 Sed
1393 2057 1496 2089 redeo
1520 2057 1565 2090 ad
1591 2057 1694 2091 Mail-

310 2114 455 2151 rosium,

358 2169 468 2209 Quia
486 2167 704 2201 nobilissimo
726 2167 892 2202 coenobio
919 2167 956 2200 in
982 2178 1068 2212 agro
1094 2167 1242 2207 Scotico,
1270 2168 1418 2203 Mailros
1444 2170 1519 2203 sive
1546 2170 1691 2211 Melros,

309 2238 436 2262 nomen
448 2225 594 2259 sortitus
608 2229 671 2258 est.
704 2224 795 2258 Erat
805 2224 871 2257 hoc
883 2224 1021 2257 “Tuidi
1035 2223 1191 2258 fluminis
1207 2225 1434 2259 circumflexu
1448 2227 1638 2267 clausum‚''
1652 2235 1691 2263 ut

308 2285 359 2318 ait
385 2283 483 2317 Beda
508 2282 566 2315 lib.
584 2290 621 2315 V.
651 2281 788 2315 Histor.
808 2281 1011 2314 Ecclesiast.
1030 2280 1135 2314 Gent.
1162 2280 1313 2327 Anglor.
1340 2294 1415 2327 cap.
1443 2292 1534 2317 X111.
1587 2284 1690 2320 Unde

307 2352 405 2375 error
431 2340 468 2373 in
498 2351 538 2373 eo
568 2338 744 2372 tollendus
770 2338 829 2372 lib.
862 2347 916 2371 IV.
943 2348 1018 2381 cap.
1046 2347 1181 2371 XXVII.
1209 2338 1270 2372 ubi
1297 2340 1405 2373 situm
1434 2341 1485 2374 ait
1510 2341 1555 2375 ad
1581 2342 1690 2377 Tiudi

307 2397 463 2433 fluminis
482 2397 617 2440 ripam:
643 2395 702 2429 sed
721 2396 859 2441 corrige
883 2392 995 2429 Tuidi
1005 2393 1159 2438 flumen,
1186 2396 1280 2430 enim
1307 2397 1395 2430 illud
1421 2398 1525 2433 hodie
1550 2406 1689 2444 separat

981 2459 1008 2485 U
