2060 2848
687 318 862 351 GENTIS
886 317 1162 355 SCOTORUM,
1186 318 1276 350 LIB.
1301 317 1383 349 XII.
1669 318 1731 350 489

545 413 746 448 Eboracum
764 412 973 457 sanguinem
991 412 1190 452 ebulliente,
1226 419 1228 421 ·
1348 411 1409 444 lib.
1429 419 1454 444 1.

489 470 544 504 De
569 469 793 504 Albanorum
823 469 994 503 Fortunis
1024 468 1085 502 lib.
1118 478 1143 502 1.
1197 468 1276 502 Hoc
1305 479 1394 512 opus
1425 468 1467 502 de
1497 466 1609 502 Scotis
1644 470 1727 503 solis

538 527 711 571 scriptum
742 526 895 565 videtur,
930 526 982 559 illi
1013 526 1108 560 enim
1137 531 1215 560 tum
1244 524 1468 559 Albanorum
1498 525 1651 566 nomine,
1685 531 1726 560 ut

538 584 653 630 Angli
672 583 929 617 Britannorum
948 583 1148 617 veniebant.

489 641 684 686 Prophetia
701 640 861 684 prosaica
1352 638 1413 674 lib.
1433 649 1457 673 1.

489 698 544 732 De
562 698 738 742 Tempore
756 697 866 743 Regis
884 696 1038 731 Arthuri
1351 697 1411 730 lib.
1432 706 1457 731 1.

388 755 492 790 Vixit
510 767 603 789 anno
621 763 818 788 CCCCXLV.
838 758 878 788 ut
892 753 1075 800 Sigeberto
1088 755 1230 789 videtur
1246 755 1285 788 in
1303 753 1479 789 Chronico
1498 766 1538 789 eo
1552 766 1656 796 anno,
1670 756 1726 789 vel

341 825 434 848 anno
452 821 667 847 ccccnxw.
695 811 901 845 Matthaeus
919 811 1272 846 westmonasterien.
1299 816 1335 845 et
1358 812 1531 856 receptior
1547 812 1633 846 haec
1650 823 1727 846 sen-

340 872 462 905 tentia.
507 870 662 910 Quidam
682 869 847 914 rejiciunt
865 869 902 902 in
920 880 1052 903 annum
1073 878 1201 903 DLXX.
1221 870 1259 903 in
1279 869 1334 903 his
1353 868 1529 903 Pitsaeus.
1578 869 1727 904 Constat

341 933 375 962 et
402 928 558 961 Telesini
587 926 683 960 Scoti
709 926 817 959 fuisse
847 926 1071 970 discipulum,
1100 931 1135 960 et
1160 925 1324 960 Arthuro
1349 926 1425 972 regi
1452 925 1727 970 perfamiliarem

340 989 625 1029 secretorumque
655 983 845 1022 conscium,
881 987 915 1016 et
951 984 1082 1017 multos
1114 994 1224 1018 annos
1253 984 1292 1017 in
1323 983 1514 1017 Caledonia
1541 982 1726 1018 Scotorum

341 1042 439 1076 Silva
456 1042 670 1076 eremiticam
691 1041 804 1074 vitam
823 1043 942 1073 sancte
960 1040 1114 1075 duxisse.

632 1152 908 1188 DUNCANUS
934 1153 1296 1190 MACRUDERUS.
1350 1155 1433 1194 926.

339 1272 569 1305 DUNCANUS
588 1270 822 1304 Macruderus
848 1269 1126 1304 Dumblanensis
1152 1270 1317 1305 Lutetiae
1344 1270 1505 1305 liberales
1532 1275 1626 1305 artes
1653 1275 1728 1305 stu·

341 1329 437 1363 diose
471 1328 605 1368 didicit,
639 1327 811 1361 laboriose
846 1327 992 1368 docuit3
1029 1327 1194 1362 omnibus
1229 1328 1406 1362 honorum
1449 1328 1727 1363 academicorum

343 1386 511 1431 gradibus
530 1390 684 1424 evectuS,
703 1385 814 1418 edidit

490 1442 534 1476 In
554 1442 704 1476 Politica
721 1440 928 1476 Aristotelis
947 1441 1209 1476 Annotationes
1423 1443 1484 1477 lib.
1504 1451 1529 1477 1.

492 1499 546 1533 De
564 1498 771 1544 Astrologia
789 1498 932 1532 Poetica
1423 1500 1484 1534 lib.
1504 1510 1529 1534 1.

489 1556 533 1590 In
552 1556 770 1601 Fragmenta
787 1555 907 1589 omnia
925 1555 1105 1590 Ciceronis
1124 1556 1402 1591 Observationes
1428 1557 1488 1591 lib.
1509 1566 1533 1591 1.

393 1613 539 1647 Ascitus
569 1618 623 1647 est
650 1613 688 1646 in
715 1613 930 1646 academiam
962 1613 1199 1647 Parisiensem
1228 1625 1321 1648 anno
1348 1622 1486 1648 MDLII.
1513 1619 1549 1649 et
1573 1615 1729 1659 primum

346 1672 468 1705 literas
486 1670 725 1711 humaniores,
744 1669 870 1703 deinde
887 1670 1148 1715 philosophiam
1165 1675 1219 1705 est
1236 1671 1425 1716 professus,
1447 1682 1576 1718 magno
1594 1673 1730 1707 audito-

345 1740 425 1763 rum
444 1732 479 1762 et
497 1739 645 1762 numero
663 1731 699 1762 et
716 1727 900 1772 applausu.

804 1841 1139 1877 MATTHAEUS.
1193 1845 1276 1881 927.

346 1958 611 1992 MATTHAEUS
645 1957 828 2001 episcopus
869 1956 1146 1997 Aberdonensis‚
1191 1958 1353 2004 cognitor
1394 1968 1518 1992 causae
1560 1957 1728 2004 Hugonis

343 2014 499 2060 episcopi
542 2014 832 2053 Sanctandreani,
879 2025 970 2058 quae
1017 2014 1069 2046 illi
1116 2025 1196 2047 cum
1243 2014 1381 2049 Joanne
1424 2015 1586 2059 episcopo
1628 2014 1727 2049 Dun-

343 2072 501 2106 keldensi
548 2071 763 2110 vertebatur,
804 2071 1011 2104 nominatur
1050 2071 1088 2104 in
1130 2071 1242 2105 literis
1285 2071 1477 2106 Clementis
1518 2072 1586 2106 ΙΙΙ.
1632 2073 1728 2116 apud

346 2129 582 2163 Hovedenum
613 2127 810 2162 Annalium
840 2132 931 2172 part.
964 2136 1008 2162 11.
1042 2138 1123 2173 pag.
1153 2138 1376 2163 ccevauI.
1412 2130 1472 2163 sed
1499 2130 1622 2164 literae
1647 2130 1728 2164 illae

347 2184 560 2220 Aberdense
576 2196 641 2229 pro
658 2182 917 2218 Aberdonense
933 2189 1097 2228 corrupte
1114 2185 1245 2220 habent
1259 2197 1269 2227 ;
1300 2186 1472 2231 idemque⁴
1484 2187 1652 2220 mendum
1675 2187 1727 2221 in-

345 2243 459 2278 haesit
488 2243 526 2276 in
557 2242 627 2276 alia
655 2242 804 2286 epistola
833 2241 991 2287 ejusdem
1019 2242 1206 2286 pontificis,
1236 2243 1298 2277 ubi
1325 2247 1347 2263 “
1372 2244 1631 2278 venerabilibus
1657 2243 1729 2278 fra-

346 2300 461 2334 tribus
478 2299 501 2333 J
504 2300 637 2334 ocelino
655 2298 872 2339 Glascuensi‚
889 2298 1073 2333 Matthaeo
1083 2298 1293 2340 Aberdensi,
1308 2299 1486 2334 Richardo
1500 2299 1728 2340 Morefensi,''

345 2357 529 2402 episcopis,
549 2367 614 2401 pro
631 2356 879 2390 Aberdonensi
896 2359 931 2389 et
949 2355 1168 2391 Moraviensi
1193 2357 1334 2403 legitur.
1386 2356 1457 2390 Hic
1482 2357 1665 2404 Rogerum
1690 2357 1728 2391 in

345 2415 548 2459 episcopum
577 2413 731 2448 inunxit.
783 2412 904 2447 Verba
930 2412 1117 2448 Hovedeni
1143 2417 1227 2447 sunt
1252 2423 1333 2459 pag.
1363 2421 1533 2448 ccccxx„
1569 2417 1590 2432 “
1612 2412 1728 2459 Roge-
