2060 2848
404 334 467 365 460
784 333 1015 366 HISTORIA
1040 333 1414 367 ECCLESIASTICA

555 427 732 463 Homilias
1029 429 1087 463 lib.
1106 438 1131 463 Ι.
1183 429 1287 463 Joan.
1308 429 1467 464 Fordun.

456 486 558 520 Vixit
576 497 670 520 anno
688 494 867 520 DXXXIV.
915 487 1126 522 Sanctorum
1145 487 1224 521 albo
1242 487 1429 532 ascriptus.
1481 485 1649 521 Leslaeus
1668 492 1702 522 et
1721 488 1792 522 alii.

834 601 869 635 S.
898 601 1223 636 MOTEFERUS.
1277 604 1361 640 872.

404 717 439 750 S.
462 717 730 757 MOTEFERUS,
757 728 851 751 unus
878 728 922 751 ex
947 717 1132 751 duodecim
1150 718 1333 762 discipulis
1351 717 1438 751 Divi
1457 717 1661 759 Columbae,
1688 730 1728 753 eo
1754 719 1791 752 in

402 774 614 808 Hiberniam
632 785 676 808 ex
694 774 812 808 Scotia
829 774 1106 814 transmittente,
1133 785 1213 808 cum
1235 774 1437 814 Scandaleo,
1465 773 1654 821 Eoglodio,
1682 776 1791 810 Tota-

404 843 480 871 neo,
499 838 534 866 et
553 831 712 871 GaUano,
731 832 768 864 in
786 832 903 865 insula
921 831 1009 864 Iona
1027 831 1144 864 sedem
1163 830 1286 876 figens,
1312 832 1509 865 multorum
1535 832 1790 867 monachorum

398 900 525 932 parens
543 890 581 922 in
599 900 730 934 magna
747 888 936 922 sanctitate
954 888 1086 922 extitit.
1138 887 1289 933 Scripsit

546 946 606 980 Ad
624 946 819 980 Monachos
839 946 877 979 in
895 945 984 980 Iona
1001 945 1125 980 Insula
1335 945 1396 979 lib.
1417 955 1442 979 1.

446 1004 550 1038 Vixit
567 1015 660 1037 anno
678 1012 729 1037 Dc
738 1012 788 1037 VI.
839 1003 997 1038 Joannes
1015 1003 1183 1037 Leslaeus
1203 1003 1264 1038 lib.
1286 1012 1341 1037 IV.
1361 1014 1442 1050 pag.
1464 1012 1590 1038 CLXX.
1635 1003 1679 1038 In
1692 1015 1788 1039 sanc-

399 1067 516 1096 torum
534 1061 654 1095 album
673 1061 825 1095 relatum
844 1060 1134 1096 ScOtichronicon
1151 1066 1274 1095 narrat
1294 1061 1354 1095 lib.
1375 1070 1413 1095 V.
1433 1072 1509 1106 cap.
1530 1070 1588 1095 IX.

913 1176 948 1210 S.
977 1175 1136 1210 MONO.
1189 1179 1270 1214 873.

396 1297 417 1312 ‘⁶
435 1293 470 1327 S.
491 1293 649 1332 MON0‚'’
668 1294 719 1327 ait
737 1292 921 1327 Aubertus
941 1292 1100 1326 Miraeus
1122 1292 1183 1326 lib.
1209 1292 1252 1325 de
1279 1292 1489 1328 Canonicor.
1517 1293 1684 1340 Collegiis
1710 1306 1785 1339 cap.

395 1359 525 1384 LXXX.
545 1362 588 1385 ex
605 1350 629 1383 J
631 1361 743 1385 oanne
762 1350 908 1384 Molano
927 1350 969 1384 de
988 1349 1179 1383 Natalibus
1198 1349 1260 1384 SS.
1279 1349 1409 1396 Belgii,
1430 1355 1452 1370 “
1470 1352 1630 1397 angelico
1647 1352 1787 1386 monitu

394 1419 437 1441 ex
455 1408 573 1442 Scotia
590 1409 629 1442 in
646 1407 879 1442 Arduennam
899 1407 1008 1447 venit,
1027 1407 1089 1440 ubi
1108 1408 1203 1441 solus
1221 1408 1286 1441 soli
1305 1407 1382 1442 Deo
1400 1409 1514 1443 multo
1539 1414 1698 1454 tempore
1716 1420 1787 1443 ser-

394 1466 496 1506 vivit,
514 1471 549 1500 et
567 1465 718 1500 feliciter
736 1465 911 1505 occubuit,
924 1476 944 1498 a
957 1465 1093 1499 sicariis
1111 1465 1309 1499 latronibus
1324 1465 1518 1507 confossus,
1534 1466 1596 1500 ubi
1611 1467 1719 1500 etiam
1733 1472 1786 1501 est

393 1525 554 1568 sepultus
583 1524 620 1557 in
651 1523 795 1557 ecclesia
824 1533 931 1566 quam
962 1522 1037 1566 ipse
1063 1527 1322 1557 construxerat.
1374 1523 1444 1557 Est
1470 1528 1590 1558 autem
1616 1523 1785 1558 Naissoin

392 1592 505 1627 pagus
523 1581 673 1615 illustris
692 1580 866 1625 sanguine
884 1584 920 1613 et
937 1580 1096 1623 reliquiis
1114 1580 1259 1626 gloriosi
1278 1580 1448 1626 martyris
1475 1581 1542 1614 sub
1568 1581 1702 1615 ditione
1725 1581 1785 1615 ab·

392 1639 484 1672 batis
502 1638 708 1672 monasterii
727 1637 763 1671 S.
785 1636 951 1677 Huberti,
970 1638 1065 1681 quod
1083 1642 1136 1671 est
1154 1638 1192 1670 in
1209 1636 1419 1678 Arduenna,
1435 1649 1456 1671 a
1470 1649 1540 1683 quo
1554 1638 1692 1672 duobus
1706 1639 1785 1672 mil-

392 1696 538 1730 liaribus
557 1696 665 1729 distat
682 1695 778 1729 intra
794 1695 982 1728 diocoesim
997 1694 1239 1728 Leodiensem.
1279 1694 1496 1729 Nominatur
1514 1695 1707 1740 discipulus
1721 1695 1782 1729 SS.

393 1754 551 1787 Remacli
580 1758 615 1786 et
641 1752 665 1785 J
668 1752 792 1786 oannis
821 1751 932 1797 Agni,
963 1752 1207 1796 episcoporum
1239 1751 1524 1797 Trajectensium
1555 1753 1600 1786 ad
1631 1752 1783 1787 Mosam.

392 1811 452 1845 Ad
470 1822 528 1845 eos
546 1811 640 1844 enim
659 1822 677 1843 e
695 1810 813 1843 Scotia
831 1814 997 1849 venerat3
1018 1821 1108 1853 quae
1124 1811 1222 1856 regio
1236 1811 1367 1844 multos
1381 1815 1532 1850 sanctos,
1545 1811 1644 1844 velut
1662 1812 1780 1845 stellas

392 1869 564 1909 lucifluas,
583 1869 627 1902 ad
641 1868 798 1901 diversas
813 1867 937 1900 mundi
956 1868 1155 1901 transmisit
1168 1872 1307 1912 partes3
1328 1872 1505 1901 caeterum
1519 1868 1622 1902 beato
1636 1868 1725 1908 viro,
1739 1868 1784 1902 ob

391 1929 537 1962 titulum
556 1925 838 1960 Christianitatis
857 1928 1020 1963 mactato,
1043 1924 1194 1968 Pipinus
1221 1936 1284 1958 rex
1309 1925 1477 1971 regaliter
1502 1926 1656 1959 decimas
1683 1926 1783 1960 obtu-

391 1986 433 2019 lit
450 1996 538 2030 quas
556 1984 709 2018 habebat
726 1984 819 2017 inter
837 1982 977 2016 Letiam
1006 1986 1040 2015 et
1064 1981 1195 2016 Urcam
1211 1983 1241 2016 :”
1268 1993 1359 2027 quae
1386 1982 1495 2016 verba
1520 1988 1605 2017 sunt
1631 1995 1675 2017 ex
1701 1995 1782 2018 ano-

391 2055 499 2088 nymo
527 2043 698 2086 scriptore
727 2041 947 2084 deprompta,
974 2050 1078 2083 quem
1106 2039 1262 2073 Joannes
1281 2039 1453 2079 Charlier,
1480 2041 1703 2085 praepositus
1730 2053 1782 2075 ec-

392 2102 514 2135 clesiae
541 2100 576 2133 S.
597 2098 775 2138 Mononis,
795 2098 899 2137 eruit,
918 2102 954 2131 et
972 2096 1098 2131 surius
1116 2097 1312 2142 publicavit
1331 2102 1417 2131 tom.
1437 2106 1474 2131 V.
1493 2098 1550 2131 die
1568 2107 1689 2132 XVIII.
1714 2099 1782 2133 Oc-

391 2159 479 2193 tobr.
493 2158 594 2204 cujus
608 2157 673 2191 hoc
685 2161 737 2190 est
752 2156 912 2189 initiumz
932 2159 953 2174 “
965 2154 1052 2188 Fuit
1064 2154 1098 2188 S.
1115 2155 1250 2188 Monon
1262 2157 1305 2189 de
1316 2155 1469 2189 occiduis
1481 2155 1605 2188 mundi
1619 2156 1780 2199 partibus

392 2216 574 2254 oriundus,
593 2214 756 2248 videlicet
775 2224 818 2247 ex
837 2212 988 2247 Scotia.”
1027 2211 1155 2258 Georg.
1169 2212 1353 2246 Garnefelt
1365 2211 1442 2246 Vit.
1455 2211 1607 2245 Eremit.
1623 2223 1703 2257 pag.
1720 2222 1778 2246 CC.

392 2279 412 2293 “
431 2274 466 2307 S.
486 2273 622 2306 Monon
640 2272 776 2311 ScotuS,
797 2272 978 2305 solitarius
998 2271 1034 2303 in
1049 2269 1175 2310 Gallia,
1190 2282 1211 2304 a
1224 2269 1422 2304 latronibus
1437 2269 1604 2303 occisus.”
1638 2269 1779 2304 Discre-

389 2335 477 2375 pant
490 2327 607 2364 aute‘m
623 2329 782 2363 Miraeus
797 2334 832 2362 et
846 2328 1014 2362 Molanus
1032 2328 1076 2361 ab
1094 2333 1237 2362 auctore
1255 2328 1338 2367 illo;
1358 2338 1440 2361 nam
1460 2338 1564 2370 quem
1579 2338 1779 2371 anonymus

390 2389 564 2422 Joannem
583 2386 729 2432 Agnum
749 2386 1039 2432 Tunagrensium
1066 2385 1269 2429 episcopum
1295 2384 1391 2424 facit,
1418 2384 1470 2417 illi
1493 2383 1778 2429 Trajectensium

391 2447 432 2479 ad
462 2445 599 2479 Mosam
628 2455 702 2478 esse
728 2445 864 2478 volunt.
918 2443 1057 2478 Colitur
1086 2442 1163 2488 ejus
1190 2442 1360 2476 memoria
1386 2441 1442 2475 die
1461 2450 1582 2475 XV111.
1602 2440 1778 2481 Octobris,
