2060 2848
666 316 841 350 GENTIS
865 316 1141 356 SCOTORUM,
1166 317 1254 350 LIB.
1278 317 1360 350 XII.
1648 319 1711 352 493

405 435 407 437 v
474 411 546 446 Pro
562 410 758 451 Libertate,
775 410 820 444 ad
840 410 988 455 Regem,
1209 410 1271 444 lib.
1291 419 1317 444 1.

377 469 517 503 Floruit
541 479 636 502 anno
657 475 838 501 MCCCXV.
888 466 1023 500 Hector
1047 465 1221 501 Boethius
1247 467 1308 501 lib.
1336 475 1421 500 XIV.
1451 466 1589 502 Hister.
1616 467 1708 502 Scot-

327 536 407 571 pag.
427 533 564 559 cceln.

704 637 740 671 S.
768 636 1018 671 MEDANUS
1044 645 1196 671 ALTER.
1248 636 1333 675 936.

327 752 364 787 S.
383 752 593 786 MEDANUS
610 751 679 791 hic,
698 751 788 785 alius
807 763 828 785 a
845 751 992 785 Modani
1011 752 1132 791 fratre,
1151 752 1273 786 multis
1287 752 1414 786 seculis
1428 752 1586 793 dissitus,
1601 753 1661 787 sed
1676 757 1711 787 et

326 811 402 854 ipse
427 809 622 853 episcopus,
648 819 728 842 cum
754 807 910 854 Vigiano
935 809 1118 848 monacho,
1144 809 1331 849 Moveano,
1358 809 1506 849 BIaano,
1528 809 1710 855 Englafio,

327 866 503 905 Colmoco,
542 865 773 899 sanctissimis
812 864 1049 908 pontificibus,
1089 866 1140 899 ait
1179 865 1314 899 Hector
1348 865 1522 899 Boethius
1557 866 1616 900 lib.
1654 875 1709 900 xl.

328 923 466 957 Histor.
494 922 587 956 Scot.
613 933 694 967 pag.
719 930 920 956 CCXXXW.
948 922 1106 966 aequalis
1133 921 1264 956 floruit.
1316 922 1409 968 Ejus
1435 923 1567 967 scripta
1592 923 1713 957 omnia

327 980 520 1023 perierunt.

376 1035 479 1070 Vixit
496 1046 589 1069 anno
608 1044 652 1068 M.
704 1033 844 1069 Colitur
862 1043 949 1068 xw.
970 1035 1122 1079 Aprilis.

830 1147 1000 1182 MARIA
1027 1148 1072 1182 R.
1124 1151 1208 1186 937.

327 1264 472 1298 MARIA
500 1263 633 1309 regina,
664 1262 787 1296 Jacobi
813 1262 857 1297 V.
889 1262 1007 1303 vidua,
1038 1275 1148 1309 regno
1176 1264 1333 1308 undique
1361 1264 1609 1298 seditiosorum
1641 1264 1710 1299 fac-

328 1321 495 1361 tionibus,
515 1321 610 1354 domi
628 1320 785 1364 forisque
803 1320 915 1353 indies
933 1320 1173 1365 gliscentibus,
1201 1325 1339 1360 vexato,
1366 1332 1495 1365 paucos
1521 1326 1710 1366 antequam

328 1378 441 1411 obiret
458 1378 532 1412 dies
550 1378 595 1410 ad
613 1376 721 1410 filiam
740 1377 778 1410 in
795 1375 921 1409 Galliis
941 1381 1102 1421 agentem
1123 1378 1264 1421 scripsit
1282 1382 1317 1411 et
1334 1378 1433 1412 misit

477 1434 617 1467 Monita
651 1433 801 1466 Politica
850 1433 910 1466 lib.
947 1442 971 1466 1.
1024 1445 1086 1467 seu
1115 1435 1260 1468 nomina
1289 1445 1410 1468 eorum
1441 1436 1502 1480 qui
1537 1435 1712 1480 dignitate

525 1492 581 1524 vel
599 1491 733 1524 virtute
757 1490 795 1522 in
818 1500 927 1534 regno
951 1491 1140 1533 pollebant,
1166 1495 1208 1524 ut
1233 1492 1311 1535 ipsa
1335 1492 1558 1537 intelligeret,
1584 1492 1713 1535 quibus

527 1547 633 1580 fidere
651 1546 802 1585 deberet,
825 1551 860 1580 et
882 1558 903 1580 a
923 1547 1052 1590 quibus
1075 1559 1208 1582 cavere.
1260 1547 1364 1583 Joan.
1391 1548 1558 1582 Leslaeus
1585 1549 1645 1582 lib.
1674 1558 1712 1582 x.

522 1615 603 1649 pag.
624 1613 752 1637 DLXX.

377 1661 558 1695 Scribebat
576 1672 669 1694 anno
688 1669 822 1693 MDLX.
841 1671 911 1704 quo
929 1665 965 1695 et
982 1661 1156 1695 exstincta
1174 1667 1227 1695 est
1245 1662 1373 1695 mulier
1390 1662 1580 1707 singularis
1598 1673 1714 1696 exem-

328 1720 388 1764 pli,
417 1724 452 1752 et
479 1718 764 1762 incomparabilis
789 1718 1022 1761 prudentiae;
1051 1729 1122 1762 qua
1147 1719 1240 1759 viva,
1269 1719 1394 1764 religio
1420 1723 1455 1752 et
1476 1719 1621 1764 justitia
1645 1720 1714 1752 late

328 1775 507 1820 vigebant,
541 1775 725 1812 exstincta,
759 1775 872 1808 scelus
906 1775 1038 1819 ubique
1080 1780 1115 1809 et
1156 1776 1310 1810 haeresis
1345 1781 1549 1820 eruperunt.
1614 1775 1715 1810 Obiit

329 1832 544 1878 Edimburgi
562 1831 618 1864 die
636 1840 694 1864 XI.
711 1830 735 1864 J
738 1831 825 1864 unii.

798 1944 833 1978 S.
860 1944 1110 1979 MODOCUS.
1164 1947 1249 1983 938.

329 2061 365 2095 S.
385 2059 594 2099 Monocus,
621 2070 714 2093 unus
737 2069 780 2092 ex
804 2058 847 2091 iis
873 2069 961 2102 quos
987 2059 1198 2103 perantiqua
1223 2060 1439 2093 consuetudo
1465 2060 1606 2094 vocavit
1631 2060 1713 2094 Cul-

330 2118 424 2155 deos,
442 2117 508 2150 hoc
526 2121 589 2156 est,
607 2115 675 2149 Dei
694 2115 868 2154 CultoreS,
887 2115 1007 2148 eadem
1030 2119 1238 2159 tempestate
1255 2127 1326 2160 qua
1352 2120 1373 2135 “
1391 2115 1628 2160 Amphibalus
1654 2129 1715 2152 an-

330 2174 441 2212 tistes,
460 2173 624 2212 Calanus,
644 2172 833 2211 Ferranus,
853 2171 1064 2211 Ambianus,
1087 2176 1122 2205 et
1140 2172 1330 2212 Carnocus,
1357 2172 1492 2206 Christi
1514 2172 1713 2207 Servatoris

330 2230 527 2264 doctrinam
545 2241 608 2273 per
626 2239 746 2263 omnes
765 2227 950 2261 Scotorum
969 2228 1130 2273 regiones
1152 2229 1401 2269 concionando,
1428 2230 1550 2263 multis
1575 2230 1714 2275 piisque

330 2286 518 2320 sudoribus
548 2285 793 2323 seminantes,’'
824 2284 875 2317 ait
907 2283 1041 2318 Hector
1069 2285 1242 2319 Boethius
1274 2285 1334 2319 lib.
1367 2294 1420 2319 VI.
1454 2285 1591 2321 Histor.
1620 2286 1714 2322 Scot-

330 2354 410 2389 pag.
431 2351 544 2376 xmx,
563 2342 715 2386 scripsit,
733 2347 775 2375 ut
791 2340 1039 2375 veremundus
1058 2341 1249 2386 Presbyter
1265 2343 1432 2386 prodidit,

477 2399 611 2433 Contra
629 2399 809 2433 Idoloruln
827 2397 989 2432 Cultores
1266 2398 1325 2432 lib.
1346 2408 1370 2432 1.

1006 2463 1034 2487 Υ
