2118 2854
695 318 870 352 GENTIS
895 315 1172 354 SCOTORUM,
1196 315 1287 347 LIB.
1309 314 1406 347 VIII.
1688 313 1751 344 355

410 418 525 451 Nemo
542 425 700 459 unquam
718 413 848 447 cultius
867 412 1003 446 Romae
1026 411 1250 457 majestatem
1274 407 1514 444 adumbravit.
1566 406 1672 441 Alius
1696 414 1748 441 est

362 476 406 509 ab
426 475 495 508 isto
513 476 535 492 ·‘
554 471 785 505 Hildebertus
809 469 1109 509 ostro-Francus,
1134 468 1209 503 dux
1232 473 1268 503 et
1291 466 1476 512 episcopus
1500 464 1750 511 Moguntinus,

362 532 422 576 qui
440 530 582 574 scripsit
601 528 663 563 SS.
679 528 804 568 vitas,'’
822 532 863 562 ut
877 527 915 561 in
928 526 1100 572 Catalogo
1114 525 1279 560 Testium
1292 523 1466 559 Veritatis
1480 522 1602 557 docuit
1618 520 1752 556 Guliel-

360 599 439 622 mus
458 587 703 633 Eisingrinius
722 585 921 630 Spirensis;
949 584 1142 628 eodemque
1159 583 1198 617 in
1217 585 1431 630 argumento
1449 580 1593 620 versati,
1611 584 1751 625 praeter

361 656 430 685 eos,
449 655 538 689 quos
555 644 622 679 hoc
639 654 743 688 opere
761 643 913 687 sparsim
931 641 1114 676 nominavi
1130 650 1139 675 :

508 702 712 741 Flavaldus,
731 699 930 734 Monachus
949 698 1173 733 Rhemensis.

507 758 690 799 Albertus,
709 757 832 792 Abbas
851 756 1051 791 Lobiensis.

509 815 779 860 Arnodulphus,
797 813 932 848 Abbas.

510 873 685 913 Andreas,
704 871 980 917 Bambergensis
998 870 1106 905 abbas
1125 878 1293 905 xxxvn.

512 930 702 970 Herofflus,
721 929 920 964 Monachus
938 928 1128 973 Spirensis.

509 988 673 1027 Diemon,
693 986 890 1020 Monachus
913 985 1195 1031 Hirsaugiensis.

514 1044 650 1084 Bruno,
669 1043 870 1077 Monachus
888 1042 1019 1077 ibidem
1038 1042 1117 1077 loci.

515 1101 703 1141 Ernestus,
721 1100 844 1134 Abbas
862 1099 1113 1133 Zwifaltensis.

512 1158 759 1197 Berchtoldus,
777 1157 901 1192 Abbas
919 1156 1226 1201 campidonensis.

514 1215 796 1255 Erckenbaldus‚
815 1214 1015 1259 Episcopus
1033 1213 1361 1260 Argentoratensis.

513 1274 696 1309 Gilbertus
716 1272 871 1312 Folioth,
890 1271 1091 1316 Episcopus
1110 1270 1360 1306 Londinensis.

513 1331 713 1366 Gulielmus
733 1330 916 1374 Thorney,
936 1328 1091 1375 Anglus.

516 1388 731 1423 Lambertus
749 1388 792 1421 de
810 1386 933 1433 Legia.

367 1449 466 1488 Quos
485 1447 564 1480 ideo
580 1445 739 1485 laudavi,
757 1444 842 1489 quia
859 1455 904 1477 ex
921 1444 965 1478 iis
983 1444 1098 1478 multa
1123 1449 1223 1488 potes
1249 1448 1379 1488 petere,
1404 1455 1494 1489 quae
1520 1445 1656 1480 labores
1682 1445 1763 1480 hos-

368 1517 405 1539 ce
424 1515 521 1539 meos
539 1508 575 1538 et
592 1501 800 1537 confirmare
819 1507 855 1536 et
880 1512 1010 1547 augere
1035 1512 1107 1535 non
1132 1501 1331 1547 vulgariter
1355 1507 1529 1546 possunt3
1554 1514 1619 1538 nec
1643 1507 1761 1537 tamen

367 1562 455 1596 mihi
475 1573 533 1595 eos
553 1559 697 1594 videndi
715 1570 874 1604 unquam
893 1559 994 1603 copia
1011 1558 1094 1593 fuit.

417 1619 627 1654 celebratur
652 1621 688 1652 et
712 1617 802 1651 alius
831 1616 1074 1656 Hildebertus,
1103 1615 1211 1650 abbas
1238 1615 1516 1658 Blandiniensis,
1542 1618 1615 1662 qui,
1641 1622 1765 1652 contra

368 1678 525 1712 fautores
556 1675 730 1715 Caesaris,
763 1674 913 1709 decretis
942 1673 1152 1718 pontificum
1182 1673 1226 1707 de
1258 1673 1476 1720 imaginibus
1505 1675 1677 1710 habendis
1705 1676 1766 1709 ad-

369 1735 495 1775 haesit,
516 1734 653 1768 Meiero
672 1732 709 1766 in
727 1732 897 1767 Annalib.
926 1731 1073 1766 Flandr.
1098 1735 1253 1771 auctore,
1280 1732 1342 1766 sed
1359 1733 1483 1767 multis
1500 1737 1582 1777 post
1601 1738 1765 1768 nostrum

368 1793 506 1826 seculis.

419 1849 560 1883 Floruit
578 1859 672 1882 anno
689 1856 754 1881 cn.
773 1847 917 1882 sedente
935 1846 1072 1881 Romae
1091 1846 1126 1881 S.
1146 1846 1355 1881 Innocentio
1374 1846 1403 1881 1.
1428 1847 1544 1889 Scoto,
1568 1848 1764 1893 imperante

370 1906 583 1941 Theodosio.
638 1905 805 1939 Meminit
824 1904 1060 1938 Trithemius.

622 2018 991 2054 ARCHIBALDUS
1019 2018 1374 2053 HAMILTONUS.
1428 2018 1511 2057 672.

372 2136 673 2169 AncnmALsz
727 2132 970 2173 Hamiltonus,
1021 2132 1132 2167 nobili
1180 2133 1256 2167 loco
1299 2138 1417 2174 natus,
1462 2134 1628 2168 nobiliori
1672 2135 1767 2169 fama

372 2194 407 2227 in
443 2192 569 2227 Galliis
613 2192 753 2231 claruit,
801 2189 967 2224 Lutetiae
1011 2190 1185 2224 bonarum
1228 2190 1362 2224 artium
1405 2191 1596 2236 professor,
1640 2192 1768 2227 Sorbo-

371 2251 472 2285 nicus
502 2249 629 2288 socius,
661 2248 705 2282 ad
737 2247 784 2281 D.
812 2246 979 2286 Quintini
1005 2247 1205 2287 canonicus,
1232 2247 1294 2282 ubi
1321 2248 1417 2282 haud
1443 2250 1520 2282 leve
1546 2250 1690 2293 pietatis
1716 2261 1770 2284 ar-

371 2311 583 2354 gumentum
615 2305 804 2346 exhibuit;
836 2315 919 2338 nam
947 2316 1028 2339 cum
1053 2304 1152 2338 urbis
1182 2305 1279 2339 illius
1305 2310 1449 2350 praetor
1475 2306 1656 2352 subjectus
1682 2308 1771 2351 peti-

374 2366 459 2398 isset
485 2363 529 2397 ab
557 2375 597 2397 eo
627 2374 767 2397 sacrum
796 2362 864 2396 sibi
894 2362 1074 2401 celebrari,
1106 2362 1235 2396 maluit
1261 2367 1297 2396 et
1322 2364 1510 2398 sacerdotii
1533 2364 1710 2410 jacturam
1738 2370 1772 2398 et

374 2421 601 2466 supellectilis
633 2420 870 2464 direptionem
902 2419 990 2463 pati,
1020 2423 1055 2452 et
1082 2420 1228 2454 exilium
1264 2420 1393 2461 subire,
1425 2432 1532 2466 quam
1563 2426 1686 2456 contra
1716 2422 1773 2455 de-
