2060 2848
664 258 838 293 GENTIS
861 258 1136 297 SCOTORUM,
1162 259 1249 291 LIB.
1275 259 1389 292 XVII.
1653 259 1712 289 601

481 354 526 390 In
541 353 750 388 Orationem
765 351 991 386 Dominicam
1006 352 1312 387 Commentarium
1328 363 1372 386 ex
1389 351 1557 386 Patribus
1570 351 1711 386 Graecis

530 408 905 454 Latinisque.--Obiit
921 407 1092 442 Glascuae
1110 419 1203 443 anno
1221 417 1321 443 noc.

629 503 885 540 GEORGIUS
910 503 1264 539 STRACHANUS.
1317 485 1422 543 1087.

333 579 545 614 GEORGIUS
562 577 780 613 Strachanus
798 578 1023 618 Merniensis,
1041 578 1151 612 nobili
1169 577 1315 618 familia,
1330 578 1477 613 Parisiis
1491 578 1714 614 humaniores

334 636 453 671 literas
471 636 592 671 docuit
608 636 646 670 in
664 635 921 675 Cenomanico3
940 635 985 669 ad
1002 636 1120 669 aulam
1138 635 1264 670 deinde
1281 636 1434 677 transiit,
1457 641 1493 671 et
1511 637 1604 671 vitae
1622 637 1716 670 illius

333 698 516 738 pertaesus
532 693 709 737 privatam
730 693 761 726 ei
778 692 970 737 praetulit;
995 696 1073 727 tum
1090 691 1184 726 Duci
1201 692 1326 727 Guisio
1343 694 1382 727 in
1399 694 1591 728 amicitiam
1608 699 1643 728 et
1666 694 1719 727 fa-

333 751 514 784 mulitium
532 761 568 785 se
586 750 693 790 dedit,
712 750 773 783 sed
792 753 828 784 et
849 749 940 783 hanc
963 749 1070 783 etiam
1088 754 1296 793 aspernatus
1314 751 1457 785 vivendi
1475 752 1658 791 rationem,
1678 752 1715 785 in

333 807 518 842 Orientem
553 811 607 841 est
637 806 827 851 profectus,
860 810 902 840 ut
933 804 1112 852 [linguas]
1142 806 1329 841 orientales
1360 807 1522 848 Latinae,
1551 807 1715 847 Graecae,

335 863 560 908 Hispanicae,
587 864 742 905 Italicae,
767 863 934 903 Gallicae,
960 867 996 897 et
1020 863 1166 907 patriae,
1192 873 1280 907 quas
1303 869 1423 898 exacte
1448 865 1657 909 loquebatur
1682 870 1716 898 et

333 921 518 961 scribebat,
537 921 694 956 studiose
711 921 953 966 conjungeret.
1005 919 1154 963 Scripsit

482 978 719 1024 Panegyricos
737 977 889 1011 Graecos
907 988 947 1011 ac
963 976 1112 1011 Latinos
1368 977 1428 1012 lib.
1450 987 1473 1012 1.

480 1034 669 1068 Orationes
687 1034 804 1068 varias
821 1038 972 1078 utraque
989 1033 1113 1078 lingua
1367 1035 1428 1069 lib.
1448 1044 1473 1068 1.

479 1090 741 1136 Agatharcidae
759 1089 1004 1124 Historiarum
1020 1089 1082 1123 lib.
1101 1098 1244 1124 ccxlu,
1268 1090 1461 1135 Epitomen
1479 1091 1646 1126 Latinam
1670 1093 1716 1126 fe-

529 1148 588 1187 cit,
607 1152 642 1181 et
655 1147 750 1181 notis
763 1147 969 1185 illustravit,
986 1150 1177 1190 antequam
1191 1146 1361 1182 Photium
1375 1147 1537 1182 Andreas
1551 1148 1716 1184 Schottus

526 1204 706 1243 edidisset,
714 1214 794 1237 cum
800 1207 940 1237 tantum
947 1202 1097 1237 Davidis
1106 1202 1307 1238 Hoeschelii
1313 1205 1421 1239 editio
1428 1204 1562 1239 Graeca
1569 1211 1715 1241 extaret.

478 1260 714 1305 Antiphontis
740 1259 970 1294 Atheniensis
1000 1259 1170 1294 Rhetoris
1196 1260 1386 1295 Orationes
1411 1262 1530 1302 vertit,
1558 1273 1598 1296 ac
1624 1264 1716 1298 notis

527 1317 733 1352 illustravit.

482 1374 634 1408 Antonii
663 1374 835 1420 Diogenis
859 1373 1125 1408 Incredibilium
1155 1374 1199 1408 de
1224 1373 1341 1409 Thule
1367 1376 1483 1410 insula
1512 1376 1572 1410 lib.
1601 1386 1716 1411 xxu’.

529 1431 711 1465 credibiles
728 1431 870 1476 ingenio
887 1441 952 1465 suo
969 1430 1063 1465 fecit.

481 1488 722 1533 Praxagoram
740 1486 996 1522 Atheniensem
1013 1488 1056 1521 de
1074 1487 1196 1522 Rebus
1213 1489 1439 1523 Constantini
1467 1490 1591 1536 Magni
1619 1491 1716 1525 Lati-

529 1545 642 1579 nitate
659 1544 817 1578 donavit.

483 1601 639 1636 Himerii
657 1601 844 1646 Sophistae
861 1601 1146 1636 Declamationes
1163 1603 1283 1637 vertit.

481 1659 652 1693 Vindavii
669 1658 831 1692 Anatolii
849 1658 975 1703 Beryti
992 1658 1297 1693 Collectaneorum
1313 1659 1356 1694 de
1373 1660 1624 1706 Agriculturae
1638 1663 1718 1696 Dis-

532 1715 663 1759 ciplina
679 1715 740 1749 lib.
760 1724 834 1749 1111.
855 1726 911 1748 me
929 1721 1077 1761 rogante
1096 1716 1283 1750 vertendos
1300 1718 1465 1761 suscepit.

483 1772 678 1806 Ptolomaei
697 1771 891 1815 Hephaest.
910 1782 992 1805 nov.
1012 1772 1150 1806 Histor.
1169 1772 1231 1806 lib.
1250 1781 1304 1806 VI.
1326 1773 1392 1807 civ.
1413 1774 1543 1808 Latina
1560 1776 1715 1809 donavit.

483 1829 711 1863 Polemonem
730 1827 934 1872 Sophistam
950 1827 1121 1862 Latinum
1143 1828 1237 1869 fecit,
1265 1834 1300 1863 et
1322 1831 1611 1864 commentarium
1636 1823 1726 1866 ube-⁵

532 1897 606 1920 rem
624 1886 763 1931 adjecit.

483 1943 633 1977 Luciani
650 1941 843 1988 Dialogum
860 1943 903 1976 de
921 1942 1109 1976 Calumnia
1132 1942 1260 1977 Latine
1283 1944 1614 1983 vertit.-Quorum
1630 1956 1718 1979 non-

532 2001 629 2033 nulla
646 2000 865 2044 prodierunt,
884 1999 954 2033 alia
971 1999 1085 2033 adhuc
1102 1999 1168 2033 sub
1186 1999 1322 2033 incude.

386 2056 420 2090 V
421 2057 488 2091 ivit
514 2057 628 2090 adhuc
654 2057 692 2090 in
717 2055 873 2095 Perside,
894 2056 971 2101 jam
994 2055 1087 2089 enim
1105 2060 1180 2089 toto
1197 2057 1364 2090 sexennio
1383 2056 1531 2091 Terram
1550 2058 1716 2093 Sanctam

338 2114 515 2153 lustravit,
542 2118 577 2148 et
603 2124 674 2147 non
699 2112 803 2146 modo
828 2112 969 2157 linguas
995 2112 1161 2156 percepit,
1185 2112 1246 2146 sed
1264 2118 1299 2146 et
1325 2113 1522 2153 nobiliores,
1542 2120 1582 2148 ut
1599 2116 1641 2149 ad
1662 2128 1716 2149 me

338 2170 470 2211 scribit,
490 2170 718 2205 bibliothecas
735 2168 951 2213 compilavit.

768 2264 1054 2300 STIGANDUS
1079 2266 1125 2300 A.
1181 2268 1284 2301 1088.

337 2342 586 2380 ST1GANDUS,
622 2340 903 2385 archiepiscopus
935 2339 1211 2379 Cantuariensis,
1246 2351 1326 2374 cum
1358 2339 1501 2386 Edgaro
1532 2353 1613 2388 rege
1642 2342 1716 2376 Au-

336 2399 429 2444 gliae
479 2404 514 2432 et
564 2397 719 2432 Aldredo
770 2397 1029 2442 archiepiscopo
1076 2395 1290 2431 Eboracensi
1338 2398 1375 2430 in
1417 2397 1569 2432 Scotiam
1612 2399 1716 2445 fugit,

1001 2455 1023 2486 2
1043 2462 1063 2487 P
