2060 2848
354 336 418 367 390
736 331 970 364 HISTORIA
994 314 1369 363 ECCLESIASTICA

659 425 741 461 Quas
755 425 797 454 sol
810 424 926 463 obliqua
940 434 997 453 non
1012 423 1068 452 nisi
1083 423 1180 452 fronte
1195 422 1284 452 videt.

408 484 563 519 Vivebat
579 494 673 518 anno
693 491 940 517 MDLxxxlx.

721 597 980 632 INCERTUS
1006 595 1256 631 CRITICUS.
1311 597 1393 632 727.

360 716 568 750 INCERTUS
594 715 749 754 criticus,
774 714 812 747 in
836 712 1061 747 Bibliotheca
1087 711 1204 757 Regia
1229 710 1451 745 Londinensi
1477 711 1521 745 ad
1548 711 1594 746 D.
1621 711 1758 751 Jacobi.

360 774 503 818 scripsit
521 773 587 806 hoc
604 772 712 806 titulo
726 781 734 804 ε

507 830 551 864 in
569 827 740 863 Ovidium
760 826 1017 861 Commentarii
1036 825 1132 859 Scoti
1232 824 1293 858 lib.
1315 834 1340 858 1.
1393 824 1477 866 Non
1494 831 1549 860 est
1566 828 1700 872 magni,
1719 832 1759 860 ut

557 886 675 925 audio,
702 885 885 923 momenti,
910 884 971 917 sed
995 888 1127 922 tamen,
1154 880 1199 915 ob
1225 881 1492 916 venerationem
1518 883 1757 928 antiquitatis,

556 954 662 988 quam
683 942 850 987 praefert,
869 953 941 976 non
959 940 1210 975 omittendum.

408 1003 489 1043 Quo
507 1008 665 1046 tempore
682 1000 853 1040 floruerit,
871 1001 1059 1033 incertum.

632 1113 890 1149 INCERTUS
916 1112 1154 1148 CRITICUS
1179 1112 1346 1147 ALIUS.
1401 1116 1483 1150 728.

348 1232 569 1269 INCERTUS
600 1229 691 1264 alius
721 1228 866 1262 criticus
897 1227 1024 1265 Scotus
1055 1228 1093 1262 in
1123 1229 1247 1263 eadem
1279 1228 1494 1263 bibliotheca
1530 1230 1641 1264 edidit
1679 1230 1757 1264 MS.

363 1291 404 1336 [l.
424 1288 586 1335 scripsit]
1139 1282 1142 1284 ’

508 1347 553 1381 In
571 1346 764 1392 Papinium
784 1344 941 1379 Statium
959 1343 1074 1379 Notas
1142 1344 1204 1378 lib.
1226 1353 1251 1378 Ι.
1300 1343 1385 1378 Non
1403 1344 1553 1389 aequali,
1572 1350 1615 1380 ut
1632 1348 1759 1390 accepi.

559 1404 616 1438 hie
635 1408 687 1438 est
707 1414 787 1437 cum
807 1402 983 1447 superiori
1001 1402 1227 1447 antiquitate,
1246 1402 1308 1436 sed
1326 1402 1488 1436 doctrina
1504 1402 1645 1449 majori.

407 1462 490 1502 Quo
508 1467 668 1506 tempore
686 1461 831 1500 vixerit,
849 1464 914 1494 aut
931 1459 1024 1504 quis,
1043 1465 1106 1494 aut
1123 1471 1195 1504 qua
1213 1459 1426 1500 conditione,
1441 1464 1504 1494 aut
1517 1460 1580 1494 ubi
1598 1461 1761 1507 gentium

361 1521 484 1567 egerit,
503 1520 593 1554 mihi
611 1524 665 1553 est
682 1519 971 1563 inexploratum;
992 1528 1106 1562 neque
1125 1528 1214 1562 opus
1229 1517 1315 1558 vidi,
1333 1518 1394 1551 sed
1408 1518 1454 1552 ab
1471 1519 1625 1565 eleganti
1645 1518 1762 1553 Patri·
1784 1529 1795 1540 ·

361 1580 415 1613 cio
432 1578 543 1613 Junio
561 1577 675 1611 literis
694 1577 739 1610 ad
757 1587 814 1609 me
833 1575 974 1619 scriptis
993 1575 1122 1619 accepi.

710 1673 969 1708 INCERTUS
995 1672 1276 1708 POLITICUS.
1332 1675 1414 1712 729.

359 1752 571 1786 ‘INCERTUS
590 1750 680 1783 alius
699 1748 825 1783 Scotus
843 1748 886 1781 de
909 1748 1096 1782 nobilitate
1119 1747 1312 1794 Anglicani
1336 1749 1437 1795 regni
1460 1749 1528 1783 sub
1552 1749 1618 1783 hoc
1644 1750 1760 1789 titulo,

362 1820 466 1854 opere
485 1808 523 1842 in
542 1808 743 1842 Barbicano
762 1805 920 1839 Londini
939 1817 1080 1846 excuso,
1099 1806 1241 1849 scripsit
1258 1815 1266 1839 :

511 1865 691 1899 Nobilitas
712 1864 862 1898 Politica
880 1874 943 1907 per
961 1863 1006 1897 Ε.
1026 1863 1062 1897 S.
1082 1862 1227 1897 Scotum
1355 1864 1416 1897 lib.
1440 1873 1463 1898 ῐ.

411 1923 516 1957 Vixit
534 1933 627 1956 anno
648 1929 800 1955 MDLXI.
856 1919 913 1954 Eo
932 1932 1037 1965 opere
1055 1921 1253 1954 adulatorie
1279 1921 1503 1955 nobilitatem
1522 1921 1759 1967 Anglica11a111

361 1991 469 2026 supra
487 1980 633 2025 quosvis
652 1978 822 2023 Europae
841 1989 1002 2022 proceres
1021 1979 1165 2013 attollit.

757 2076 1016 2113 INCERTUS
1042 2076 1228 2112 POETA.
1283 2080 1365 2116 730.

363 2154 570 2188 Ixcmvrns
589 2158 694 2197 poeta
713 2152 850 2193 Scotus,
870 2163 998 2187 sonoro
1016 2157 1052 2187 et
1069 2153 1223 2199 eleganti
1241 2154 1407 2195 carmine,
1427 2154 1627 2199 deploravit

509 2211 662 2256 Bargiae
681 2210 796 2245 Navis
815 2209 1058 2256 Naufragium
1109 2210 1170 2244 lib.
1192 2221 1217 2245 1.
1254 2211 1359 2245 Hanc
1377 2212 1517 2258 ingenti
1535 2217 1683 2257 sumptu
1700 2212 1723 2246 J
1726 2225 1762 2247 a-

559 2268 667 2302 cobus
699 2267 918 2308 Kennedius,
951 2267 1090 2302 Scotiae
1120 2269 1266 2313 primas,
1298 2269 1334 2303 S.
1365 2268 1533 2303 Andreae
1564 2270 1759 2315 episcopus,

558 2325 770 2365 aedificarat,
789 2330 981 2369 tempestas
1000 2325 1103 2360 foeda
1121 2331 1338 2370 corruperat,
1358 2331 1393 2361 et
1411 2327 1450 2360 in
1468 2328 1630 2372 scopulos
1652 2338 1760 2401 prope

556 2382 816 2428 Bamburgiam
835 2383 1022 2417 colliserat.

623 2447 765 2475 Immanes
780 2453 931 2476 ventorum
946 2448 1066 2482 animas,
1081 2447 1265 2487 violentaque
1279 2449 1360 2487 ponti
