2118 2854
707 297 884 332 GENTIS
908 293 1186 332 SCOTORUM,
1210 294 1299 326 LIB.
1324 293 1421 325 VIII.
1699 292 1763 322 343

686 447 942 484 GEORGIUS
970 444 1294 481 HEPBURNUS.
1349 443 1432 482 647.

367 564 577 599 GEORGIUS
597 564 829 609 Hepburnus‚
849 564 940 597 alius
958 563 1081 597 ordine
1105 559 1288 604 temporis,
1308 560 1474 604 vitaeque
1492 559 1694 593 conditione
1712 558 1756 591 ab

366 634 406 656 eo
423 623 597 662 diversus,
624 623 756 666 quippe
783 622 935 655 decanus
953 618 1228 657 Dunkeldensis‚
1255 617 1348 651 filius
1375 617 1529 651 Baronis
1557 616 1672 656 Halis,
1701 615 1757 648 vir

366 680 517 724 sapiens,
546 680 663 724 inquit
688 678 834 712 Brunus
859 678 966 712 abbas
990 687 1070 722 pag.
1102 683 1238 709 XLnx.
1265 678 1401 708 turrem
1426 675 1535 708 altam
1560 673 1757 707 munitissi-

365 747 530 781 mamque
545 748 624 770 aere
639 748 703 770 suo
718 736 842 776 erexit,
861 746 905 769 ne
923 733 1110 779 praesidiis
1129 732 1203 766 suis
1221 736 1357 766 careret
1375 732 1630 766 ecclesiasticus
1649 731 1756 765 ordo:

366 793 511 838 insuper
540 794 579 827 in
604 794 726 828 eadem
752 804 817 826 sua
842 793 986 826 ecclesia
1012 792 1154 825 solenne
1180 800 1331 829 sacrum,
1358 789 1396 823 in
1426 793 1639 834 perpetuum
1670 788 1758 822 hora

368 859 424 884 XI.
443 850 702 890 celebrandum,
720 861 827 884 censu
844 849 1051 888 constituto,
1070 848 1108 881 in
1126 848 1252 881 sacello
1278 846 1454 891 Deiparae
1471 846 1634 893 Virginis
1658 846 1758 880 insti-

366 907 461 940 tuit:
489 908 668 941 saeviente
686 918 846 941 annonae
864 906 1031 952 angustia
1049 905 1224 939 maximas
1242 904 1406 950 erogavit
1431 905 1470 938 in
1495 915 1667 948 pauperes
1694 904 1757 937 im-

367 975 493 1008 pensas
510 974 518 998 :
545 965 703 1008 quotidie
721 965 868 998 chorum
887 962 1146 1007 frequentabat,
1166 962 1273 995 etiam
1293 962 1323 995 si
1342 962 1447 995 amici
1471 973 1614 1006 operam
1636 972 1758 1006 expos-

368 1025 510 1054 cerent:
547 1021 678 1055 Joanni
705 1020 817 1061 Adae,
845 1020 1011 1065 theologo
1041 1019 1277 1053 Dominicano
1310 1023 1346 1053 et
1375 1020 1596 1063 provinciali,
1625 1019 1758 1053 ordinis

367 1078 422 1111 sui
449 1078 732 1112 emendationem
757 1077 929 1116 molienti,
957 1076 1111 1122 impiger
1136 1074 1264 1115 adfuit,
1296 1080 1332 1109 et
1359 1076 1485 1110 iisdem
1513 1077 1686 1120 patribus,
1715 1077 1759 1109 ad

367 1135 411 1168 D.
443 1134 620 1175 Andreae,
654 1146 734 1169 aere
768 1146 843 1174 suo,
878 1135 1074 1168 claustrum
1107 1133 1287 1173 fundavit,
1322 1134 1473 1174 dotavit,
1508 1138 1544 1168 et
1575 1134 1757 1168 concessit.

367 1192 516 1237 Scripsit
535 1193 718 1239 egregium
737 1193 915 1232 volumen,

512 1249 567 1283 De
584 1254 737 1294 utroque
755 1249 861 1283 Statu
880 1248 1129 1284 Ecclesiastico
1307 1249 1370 1284 lib.
1390 1258 1415 1283 1.

415 1306 556 1341 Floruit
580 1318 673 1341 anno
699 1315 807 1340 MD11.
835 1318 906 1352 quo
932 1307 1032 1347 obiit,
1058 1308 1219 1352 sepultus
1243 1308 1282 1341 in
1308 1307 1443 1347 eodem,
1470 1307 1566 1351 quod
1592 1307 1759 1345 diximus,

366 1365 502 1398 sacello.

724 1461 749 1495 J
749 1460 948 1496 ACOBUS
975 1460 1263 1496 HERRISIUS.
1316 1460 1399 1496 648.

367 1536 547 1570 JACOBUS
575 1534 773 1574 Herrisius,
799 1535 898 1579 prior
924 1534 963 1568 in
989 1534 1194 1581 Tungland,
1220 1535 1355 1569 ordinis
1382 1534 1757 1576 Praemonstratensis,

367 1594 424 1627 vir
441 1593 605 1633 eximius,
623 1592 661 1626 in
679 1592 887 1637 theologicis
906 1592 1035 1626 studiis
1059 1592 1335 1637 versatissimus,
1361 1603 1424 1626 nec
1449 1593 1661 1626 secularium
1684 1594 1760 1627 lite-

367 1661 489 1684 rarum
507 1660 644 1694 expers,
670 1650 793 1683 doctor
817 1648 1043 1690 Sorbonicus,
1067 1654 1281 1684 conventum
1300 1660 1406 1683 suum
1424 1650 1603 1683 ruiturum
1622 1661 1762 1694 repara-

369 1708 432 1747 vit,
459 1718 578 1742 aream
599 1707 810 1741 exteriorem
836 1707 1013 1751 quadrato
1037 1707 1154 1751 lapide
1180 1706 1320 1747 stravit,
1347 1707 1542 1741 claustrum
1567 1718 1670 1741 muro
1696 1708 1762 1742 cir-

371 1765 559 1799 cumducto
577 1764 747 1798 extendit.
804 1763 962 1798 Concilio
980 1764 1246 1798 Constantiensi
1264 1763 1391 1798 adfuit.
1442 1763 1592 1809 Scripsit

409 1821 411 1824 ⁴
517 1822 573 1856 De
590 1822 786 1857 validitate
807 1820 1059 1856 Traditionum
1308 1821 1370 1855 lib.
1389 1830 1414 1855 1.

519 1879 589 1913 Pro
609 1878 763 1925 Georgio
782 1878 1024 1912 Merchiarum
1043 1878 1181 1914 Comite
1308 1878 1370 1912 lib.
1391 1887 1416 1913 1.

682 1991 996 2027 NATHANIEL
1024 1991 1316 2027 HUNTERUS.
1370 1991 1452 2032 649.

373 2106 632 2141 NATHANIEL
674 2106 862 2140 Hunterus
900 2106 1109 2147 Dornensis,
1151 2107 1337 2152 presbyter
1380 2107 1578 2155 theologus,
1622 2109 1657 2143 S.
1694 2110 1764 2145 Re-

371 2164 449 2199 voci
484 2164 594 2204 curio,
628 2164 774 2198 turbata
808 2163 1013 2198 Catholicae
1046 2163 1127 2198 fidei
1162 2165 1331 2208 puritate,
1371 2169 1407 2200 et
1445 2165 1582 2200 haeresi
1621 2178 1765 2212 praeva-

370 2223 475 2261 lente,
506 2232 587 2255 cum
619 2221 772 2265 amplius
802 2221 966 2255 resistere
995 2232 1069 2255 non
1094 2226 1223 2266 posset,
1250 2223 1367 2257 solum
1393 2223 1515 2263 vertit,
1542 2234 1583 2257 ac
1608 2225 1764 2269 primum

372 2278 514 2324 Brugas
553 2289 589 2312 se
624 2278 800 2319 contulit3
841 2278 923 2311 inde
967 2278 1005 2312 in
1048 2277 1191 2314 Italiam
1234 2279 1458 2321 descendens,
1501 2281 1766 2327 archiepiscopo

373 2335 634 2370 Mediolanensi
675 2335 715 2369 in
756 2335 878 2380 paucis
922 2346 1036 2376 carus,
1077 2336 1278 2371 literarium
1322 2338 1436 2372 otium
1474 2343 1611 2380 nactus,
1654 2350 1766 2384 usque

372 2392 417 2427 ad
435 2393 530 2427 vitae
547 2392 653 2428 finem
672 2403 803 2439 magna
825 2392 1073 2428 aestimatione
1095 2393 1192 2440 egit3
1218 2394 1281 2429 ubi
1306 2395 1421 2430 multa
1445 2395 1599 2442 scripsit,
1625 2401 1666 2432 ut
1692 2402 1767 2431 erat
