2060 2848
714 264 889 296 GENTIS
913 265 1187 306 SCOTORUM,
1212 268 1300 300 LIB.
1324 269 1424 302 XIX.
1698 272 1760 305 687

383 357 651 391 secretariorum
693 358 874 402 primario,
914 357 1062 394 Camillo
1105 359 1246 401 Guidio,
1287 362 1411 396 itidem
1451 363 1588 397 scriniis
1625 365 1758 409 praefe-

382 418 450 453 cto,
475 414 538 458 qui
564 424 702 459 semper
725 414 830 448 amici
855 426 985 450 munus
1010 416 1182 461 implevit,
1212 418 1251 452 in
1279 420 1406 454 ultima
1435 420 1496 454 illa
1523 431 1625 455 scena
1651 422 1757 456 etiam

383 471 495 514 patris
529 480 718 514 personam
751 471 893 512 induit3
933 472 1096 507 omnibus
1135 474 1275 508 Pisanis
1314 476 1570 519 professoribus
1607 479 1758 512 multum

382 527 664 573 indignantibus,
690 538 771 562 cum
798 529 914 573 capite
943 540 1009 563 suo
1039 529 1260 575 Hieronymo
1289 531 1481 573 Summaia,
1506 534 1655 578 patricio
1679 534 1760 569 Flo-

382 585 534 624 rentino,
559 588 602 618 ut
626 595 671 619 ex
696 586 855 620 omnium
880 586 1040 630 ipsorum
1064 587 1188 627 literis,
1214 594 1437 632 peramanter
1459 591 1503 624 ad
1526 590 1627 624 illum
1656 591 1759 631 datis,

381 645 489 685 patet.
554 641 622 675 Sed
653 646 688 676 et
716 642 792 686 ipse
820 654 971 688 magnus
1001 644 1085 683 dux,
1113 648 1148 678 et
1174 643 1343 690 Augusta
1372 646 1484 690 ipsius
1513 652 1636 688 mater,
1666 648 1760 682 haud

382 698 563 744 vulgarem
594 709 679 745 erga
707 700 807 733 illum
839 700 1004 734 affectum
1034 701 1145 735 literis
1179 701 1253 735 suis
1286 702 1538 746 patefecerunt.
1601 703 1670 738 Sed
1702 705 1760 738 ille

381 766 521 790 omnem
563 756 602 790 in
642 756 748 790 Italia
789 757 1002 791 subsistendi
1036 768 1157 791 curam
1190 757 1357 803 abjiciens
1392 759 1545 794 Scotiam
1578 761 1758 806 cogitavit,

380 824 530 858 cumque
564 824 608 847 ex
641 814 767 848 itinere
801 813 1024 848 Cardinalem
1058 814 1266 859 Caponium,
1301 816 1407 860 legati
1442 818 1650 852 auctoritate
1691 818 1759 852 Bo-

380 870 525 904 noniam
550 876 741 917 regentem,
768 872 921 905 salutare
947 871 1169 916 perrexisset,
1205 872 1272 911 ille,
1301 877 1342 906 ut
1371 879 1447 907 erat
1475 874 1591 908 indole
1620 875 1658 908 in
1687 887 1760 910 om-

382 938 443 961 nes
461 928 660 967 mitissima,
678 928 715 961 in
733 928 891 962 literatos
909 929 1016 962 etiam
1034 928 1287 963 incredibiliter
1303 939 1487 973 propensa,
1505 931 1631 964 leniter
1647 933 1760 976 coepit

382 984 528 1025 hortari,
564 996 609 1018 ne
644 985 788 1019 virtutis
824 996 863 1018 ac
898 986 1081 1019 literarum
1119 985 1337 1019 domicilium
1380 985 1521 1020 Italiam
1566 987 1758 1027 damnaret,

381 1053 418 1075 se
444 1045 608 1085 paratum
635 1041 746 1075 officia
771 1042 890 1075 omnia
919 1042 1075 1086 implere,
1099 1041 1228 1086 quibus
1256 1042 1314 1076 ille
1340 1042 1377 1075 in
1404 1043 1560 1088 principe
1586 1048 1760 1079 terrarum

381 1098 560 1133 academia
593 1098 775 1133 commode
813 1103 848 1132 et
889 1098 1079 1133 honorifice
1118 1103 1247 1144 ageret.
1317 1098 1374 1132 Ita
1416 1099 1583 1141 Thomas,
1625 1101 1760 1146 abjecto

382 1155 551 1189 redeundi
581 1155 619 1188 in
649 1155 802 1199 patriam
835 1156 965 1195 animo,
999 1167 1121 1190 omnes
1155 1156 1385 1201 cogitationes
1415 1158 1590 1191 convertit
1622 1158 1667 1192 ad
1701 1158 1761 1192 ob·

382 1214 505 1257 sequia
533 1212 702 1257 principis
731 1213 931 1257 purpurati,
962 1216 1008 1253 et,
1038 1213 1133 1257 quod
1161 1224 1343 1257 nunquam
1374 1218 1476 1247 antea
1506 1215 1633 1254 visum,
1663 1226 1761 1249 sena-

382 1275 440 1304 tus
458 1269 695 1304 Bononiensis
713 1270 808 1303 intra
825 1269 1009 1303 duodecim
1025 1270 1110 1310 dies,
1135 1270 1288 1304 evocatis
1312 1271 1388 1304 ruri
1412 1271 1642 1311 senatoribus,
1660 1272 1761 1306 illum

382 1327 552 1362 eminenti
578 1328 654 1361 loco
684 1326 909 1360 humaniores
939 1326 1060 1361 literas
1089 1326 1247 1371 profiteri
1275 1328 1412 1368 voluit;
1443 1338 1548 1372 quem
1574 1329 1689 1361 locum
1717 1329 1761 1362 ab

381 1385 478 1418 omni
508 1384 679 1418 memoria
708 1384 778 1417 viri
807 1394 946 1427 semper
975 1384 1160 1417 clarissimi
1191 1384 1449 1428 impleverunt:
1484 1385 1522 1418 in
1555 1384 1610 1418 his
1639 1385 1761 1429 scripti

381 1446 466 1476 sunt
495 1440 706 1475 nobilissimi
736 1440 917 1474 Antonius
948 1439 1085 1474 Codrus
1119 1440 1256 1474 Urceus
1287 1440 1495 1481 Brixiensis,
1524 1440 1658 1475 Paulus
1684 1441 1761 1475 Ma-

382 1499 505 1532 nutius
532 1496 798 1537 Volaterranus‚
822 1502 857 1531 et
881 1496 1029 1531 Carolus
1055 1497 1222 1543 Sigonius
1249 1497 1476 1537 Mutinensis,
1501 1509 1581 1532 cum
1611 1509 1675 1532 suo
1702 1510 1761 1532 an-

381 1555 561 1601 tagonista
591 1554 779 1588 Francisco
810 1554 1015 1588 Robortello
1049 1553 1227 1587 Utinensi.
1291 1553 1411 1598 Atque
1447 1554 1503 1587 hic
1537 1555 1679 1598 quidem
1712 1556 1762 1589 lo-

381 1623 454 1652 cus,
481 1617 523 1646 ut
549 1612 757 1651 honoratus,
787 1615 823 1645 et
852 1611 975 1645 multis
1001 1610 1259 1656 praerogativis
1285 1610 1595 1650 eminentissimus,
1626 1611 1676 1644 ita
1705 1623 1762 1656 pe-

381 1670 574 1703 riculorum
601 1672 637 1702 et
663 1667 921 1711 inquietudinis
951 1667 1199 1712 plenissimus3
1231 1678 1313 1701 nam
1340 1678 1420 1701 cum
1445 1667 1476 1700 ei
1506 1668 1601 1700 locus
1631 1668 1762 1712 simpli-

382 1726 468 1760 citer
495 1725 632 1769 primus
658 1735 703 1758 ex
733 1728 787 1758 tot
812 1723 1019 1768 pontificum
1047 1724 1194 1758 decretis
1222 1724 1400 1763 debeatur,
1427 1724 1582 1757 universi
1605 1724 1762 1758 doctores

381 1782 683 1820 contradixerunt,
720 1781 844 1815 turbas
879 1781 1028 1821 cierunt,
1063 1780 1292 1825 juventutem
1333 1784 1538 1820 armarunt3
1582 1781 1641 1814 sed
1683 1792 1762 1814 cum

383 1840 427 1874 ad
461 1839 592 1872 multos
626 1848 762 1871 menses
791 1836 1100 1881 comperendinata
1135 1841 1226 1871 esset
1260 1837 1430 1880 quaestio,
1473 1836 1615 1870 tandem
1648 1837 1762 1880 ponti-

383 1896 456 1930 ficis
483 1894 694 1929 auctoritate
723 1905 786 1939 per
814 1893 838 1927 J
841 1894 952 1928 ulium
980 1892 1169 1932 Sabellum,
1203 1894 1414 1927 cardinalem
1448 1893 1615 1938 legatum,
1645 1893 1760 1927 decisa

382 1957 446 1987 est.

432 2008 619 2055 Ing-entius
644 2007 787 2042 aliunde
812 2007 1006 2052 periculum
1032 2006 1173 2047 extitit3
1204 2016 1288 2040 nam
1313 2004 1454 2051 Anglus
1480 2006 1548 2046 ille,
1577 2005 1671 2039 faece
1700 2006 1760 2040 ho-

383 2067 532 2105 minum,
559 2076 600 2099 ac
628 2064 810 2099 vilissimis
837 2064 1090 2098 mendicabulis
1120 2063 1332 2102 subornatis,
1359 2061 1488 2107 Anglis
1514 2066 1550 2096 et
1579 2061 1758 2102 Hibernis,

385 2123 520 2157 callidis
562 2122 699 2157 artibus
742 2121 918 2156 Thomam
965 2120 1092 2155 detulit
1137 2125 1305 2164 tanquam
1351 2130 1474 2163 parum
1527 2119 1757 2159 Cathoficum,

384 2185 419 2214 et
468 2179 576 2214 libros
626 2179 820 2213 haereticos
871 2178 966 2212 domi
1016 2177 1214 2216 habentem,
1265 2176 1413 2219 aliisque
1457 2175 1759 2209 criminationibus

385 2243 568 2271 oneratum
612 2236 839 2270 illustriorem
883 2235 1047 2274 reddidit,
1089 2234 1262 2277 siquidem
1312 2233 1370 2266 ille
1423 2232 1546 2266 absens
1596 2232 1759 2266 illustris-
