2060 2848
703 287 879 321 GENTIS
904 287 1180 325 SCOTORUM,
1206 288 1295 321 LIB.
1317 289 1413 322 VIII.
1699 289 1762 322 369

523 383 660 418 Ernani
678 382 802 417 Vitam
1259 383 1319 418 lib.
1341 393 1365 417 1.

423 443 524 478 Vixit
542 453 635 476 anno
654 449 795 474 MCCIV.

697 555 959 589 HENRICUS
984 555 1291 591 HOLMENSIS.
1346 558 1428 594 700.

373 673 589 707 HENRICUS
617 671 822 706 Holmensis
846 671 983 711 Scotus‚
1007 672 1106 716 prior
1129 673 1304 706 secundus
1327 672 1423 706 illius
1441 672 1647 706 monasterii
1665 673 1760 716 quod

371 731 406 765 S.
426 731 545 765 David
562 741 625 764 rex
642 730 680 764 in
698 729 869 763 Cumbria
887 730 1010 769 erexit,
1029 729 1191 775 dixitque
1216 730 1358 770 Holme,
1377 731 1433 764 vel
1452 729 1758 769 Holmecultram3

370 800 452 822 nam
471 789 563 822 idem
582 792 677 827 sunt,
695 788 776 820 licet
794 797 912 820 errore
930 786 1084 830 quodam
1102 787 1140 820 in
1158 787 1349 832 Apparatu
1366 788 1585 822 contrarium
1603 788 1651 821 sit
1676 798 1757 834 pag.

372 855 505 879 Lxxn.
559 844 629 878 Hic
647 849 766 878 autem
785 844 901 878 socius
928 843 964 877 S.
987 842 1135 882 Alwini,
1159 847 1199 876 ut
1223 843 1262 876 in
1285 842 1546 888 Martyrologio
1570 842 1605 876 S.
1634 842 1758 877 Crucis

370 904 543 943 habetur3
562 913 625 936 nec
643 906 739 936 certo
756 901 964 935 affirmarim
982 899 1127 934 Scotum
1146 910 1231 939 esse,
1251 911 1332 934 cum
1347 900 1528 934 Richardo
1547 899 1759 935 Meritoniae

373 961 491 995 abbati
509 971 598 1004 opus
616 970 720 994 suum
738 959 887 998 dedicet,
904 958 1001 1002 quod
1018 957 1226 992 inscribitur
1243 957 1282 990 in
1300 957 1420 992 Indice
1438 957 1626 1001 Cupoensi,

518 1016 680 1050 Textura
697 1014 918 1060 Temporum
1256 1015 1317 1049 lib.
1338 1024 1363 1048 1.

419 1075 521 1110 Vixit
538 1085 631 1108 anno
651 1081 817 1107 Mcxxx.

732 1186 887 1221 ELIZA
914 1186 1259 1221 HADINTONIA.
1314 1189 1395 1225 701.

370 1307 506 1341 ELIZA
534 1304 766 1342 Hadintonia,
793 1302 1071 1337 sanctimonialis
1098 1314 1138 1337 ae
1163 1303 1300 1347 poetria
1322 1303 1485 1350 insignis,
1512 1316 1530 1338 e
1556 1315 1627 1349 qua
1647 1305 1760 1339 multa

370 1365 527 1398 Thomas
560 1361 772 1395 Leirmonth
802 1360 933 1398 hausit,
961 1371 1034 1394 non
1060 1360 1166 1394 modo
1191 1371 1210 1393 e
1236 1361 1378 1405 scriptis
1403 1361 1491 1406 ejus,
1519 1362 1580 1395 sed
1606 1362 1713 1396 etiam
1740 1374 1761 1396 a

369 1420 647 1456 consultatione:
665 1418 751 1452 haec
768 1428 848 1451 cum
867 1421 958 1451 esset
975 1417 1200 1451 beatissimae
1214 1417 1357 1463 Virgini
1375 1418 1627 1459 addictissima,
1645 1418 1760 1453 fertur

369 1479 482 1512 multa
499 1477 603 1511 utilia
620 1480 656 1509 et
673 1475 820 1509 coelitus
838 1474 971 1508 vidisse
988 1478 1024 1508 et
1040 1474 1226 1509 humiliter
1243 1475 1434 1519 aperuisse.
1486 1475 1635 1520 Scripsit

516 1533 695 1580 Rythmos
713 1531 932 1566 Vaticinales
1032 1531 1093 1565 lib.
1115 1540 1141 1564 1.
1160 1543 1250 1576 quos
1267 1532 1434 1567 haeretici
1453 1533 1591 1579 ingenti
1609 1533 1758 1577 piaculo,

563 1596 708 1636 patrum
726 1589 909 1628 memoria,
928 1593 1153 1624 exusserunt.

417 1650 521 1685 Vixit
537 1659 632 1683 anno
651 1654 881 1682 MCCXXCIV.

903 1760 1083 1795 HEINA.
1137 1763 1219 1798 702.

372 1882 526 1920 ΗΕΙΝΑ,
545 1883 581 1913 et
597 1879 675 1923 ipsa
692 1877 796 1923 virgo
814 1877 859 1911 ad
877 1876 1069 1911 Bervicum
1087 1877 1214 1917 velata,
1232 1878 1334 1923 cujus
1353 1877 1600 1912 circumfertur
1617 1890 1716 1923 opus,

518 1935 656 1981 Hymni
674 1935 717 1968 ad
738 1933 885 1969 Sanctos
1260 1935 1320 1969 lib.
1341 1944 1365 1968 Ι.

419 1994 578 2038 Tempus
595 1993 781 2027 incertum.

851 2172 962 2198 101le
981 2172 1096 2198 LIBRI
1116 2171 1281 2197 OCTAVI.
