2060 2848
376 287 440 319 650
763 288 996 322 HISTORIA
1019 289 1393 322 ECCLESIASTICA

860 400 897 435 S.
924 399 1064 435 WIRO
1091 400 1136 435 E.
1191 400 1298 440 1167.

379 498 415 533 S.
436 498 557 533 W‘xno
575 499 703 534 Scotus
721 500 907 545 episcopus
925 499 1007 534 fuit.
1057 499 1081 534 J
1084 511 1162 535 oan.
1177 512 1199 535 a
1213 500 1336 535 Leidis
1354 500 1572 536 Geerbrand.
1593 500 1776 535 Carmelit.

380 557 441 591 lib.
467 566 510 591 11.
534 557 668 592 Chron.
695 557 830 604 Belgic.
855 570 931 602 cap.
956 567 1042 592 XVI.
1071 563 1092 577 ‘⁶
1110 557 1146 592 S.
1171 557 1276 592 Wiro
1299 570 1343 592 ex
1367 558 1487 593 Scotia
1509 559 1693 599 oriundus,
1724 559 1779 591 vir

380 614 457 649 Deo
471 619 506 649 et
520 615 725 650 hominibus
743 616 938 650 amabilis.'’
990 615 1117 649 surius
1134 620 1221 649 tom.
1243 624 1303 649 111.
1324 625 1414 649 vm.
1433 616 1536 650 Maii.
1581 621 1602 636 “
1616 616 1653 650 S.
1673 616 1777 650 WViro

380 672 587 713 Patritium,
622 673 874 712 Cuthbertum‚
911 672 1186 711 Columbanum,
1221 673 1384 718 egregias
1418 674 1556 717 patriae
1586 675 1780 713 columnas,

380 730 621 774 praeponebat
635 730 703 764 sibi
717 730 943 764 imitandos.”
970 729 1157 763 Constant.
1171 728 1326 763 Ghinius
1338 741 1420 775 pag.
1437 738 1557 764 XXXI.
1574 735 1595 750 ‘⁶
1607 730 1651 764 In
1662 730 1781 764 Scotia

380 786 416 821 S.
436 787 598 821 VVironis
613 787 802 832 episcopi.''
826 786 938 821 Felici
956 787 994 820 in
1008 786 1278 831 Ephemeridib.
1304 791 1325 805 “
1340 786 1375 820 S.
1390 786 1495 821 Wiro
1513 788 1666 832 episcop.
1685 787 1779 822 Scot.

378 844 500 888 Pipini
513 845 609 891 regis
623 844 894 879 confessarius.’'
912 844 1034 878 Uvion
1048 843 1109 877 lib.
1126 852 1188 878 111.
1202 855 1284 890 pag.
1300 853 1411 879 CLIX.
1428 849 1449 864 ‘⁶
1461 844 1506 879 In
1519 844 1639 880 Scotia
1652 845 1688 880 S.
1703 845 1781 879 Wi-

377 902 475 936 ronis
487 902 675 947 episcopi.'’
702 903 871 937 Molanus
883 903 922 937 in
933 902 1125 937 Natalibus
1140 901 1203 937 SS.
1217 902 1346 948 Belgii.
1374 902 1591 948 Anonymus
1605 904 1700 948 apud
1715 903 1782 938 Su·

378 960 472 994 rium
491 965 577 994 tom.
598 970 659 994 111.
678 961 736 995 die
754 969 843 995 VIII.
864 960 978 1001 Maii;
1006 960 1067 994 sed
1086 960 1116 994 is
1143 965 1198 995 est
1224 959 1420 994 Gaufridus
1447 961 1566 1002 abbas,
1590 961 1654 1006 qui
1675 961 1782 1007 jussu

377 1017 482 1052 Lucii
513 1018 691 1063 pontificis
721 1019 833 1053 vitam
864 1019 977 1063 ipsius
1006 1018 1204 1052 luculenter
1234 1022 1271 1052 et
1301 1019 1474 1052 veraciter
1509 1019 1708 1063 descripsit,
1742 1019 1780 1052 in

379 1075 482 1120 cujus
517 1075 642 1110 limine
678 1076 729 1110 sic
763 1076 882 1116 habet,
918 1075 1142 1110 abbreviavit
1172 1076 1320 1110 eandem
1351 1075 1562 1110 Franciscus
1595 1076 1780 1111 Haraeus:

379 1138 399 1152 “
417 1133 547 1174 Scotia,
576 1133 706 1168 fertilis
734 1139 938 1168 sanctorum
966 1134 1127 1168 virorum
1152 1133 1283 1173 insula,
1310 1137 1346 1167 et
1377 1134 1562 1168 stellarum
1589 1145 1779 1168 numerum

378 1202 490 1235 prope
508 1202 676 1236 aequans,
693 1192 903 1237 patrociniis
921 1196 1126 1225 sanctorum
1151 1191 1189 1224 in
1214 1191 1412 1224 multorum
1439 1192 1591 1225 salutem
1610 1192 1781 1235 produxit

377 1248 533 1283 Beatum
550 1248 749 1289 XVironem,
768 1260 841 1283 non
867 1248 1010 1282 infimae
1037 1259 1121 1282 sane
1149 1247 1364 1282 conditionis
1390 1248 1599 1291 parentibus
1626 1249 1781 1283 ortum.’⁷

378 1305 515 1340 Eodem
535 1306 592 1340 die
610 1305 848 1353 Martyrolog.
868 1306 1095 1340 Romanum:
1124 1310 1145 1325 “
1161 1305 1205 1339 In
1224 1305 1343 1339 Scotia
1360 1304 1397 1339 S.
1413 1305 1574 1340 VVironis
1593 1306 1781 1351 episcopi.”

378 1363 482 1398 Clare
501 1375 585 1398 sane
603 1375 668 1408 pro
687 1365 779 1398 tanti
798 1364 868 1398 viri
895 1364 1044 1398 meritis.
1098 1362 1254 1398 Uberius
1281 1361 1380 1397 Petr.
1408 1361 1596 1398 Galesinus
1622 1364 1660 1397 in
1684 1364 1782 1398 Mar-

377 1422 556 1467 tyrologio
573 1433 638 1456 suo
656 1422 779 1456 eodem
797 1422 877 1456 die:
907 1426 928 1441 “
947 1421 991 1456 In
1009 1421 1128 1456 Scotia
1145 1420 1267 1455 Sancti
1281 1419 1455 1461 Wironis,
1475 1421 1630 1466 episcopi
1644 1426 1680 1456 et
1698 1432 1779 1456 con-

376 1479 532 1513 fessoris.
587 1478 658 1513 Hic
675 1479 720 1513 ab
739 1479 885 1513 ineunte
902 1483 1018 1513 aetate
1035 1479 1180 1523 pietatis
1199 1478 1329 1512 studiis
1347 1478 1520 1519 imbutus,
1541 1479 1579 1512 in
1598 1480 1695 1513 omni
1710 1479 1780 1512 vir-

378 1541 456 1571 tute
482 1536 630 1570 mirifice
655 1547 877 1583 progressus,
903 1547 1089 1581 nunquam
1115 1536 1221 1570 rebus
1247 1536 1408 1570 adversis
1433 1535 1580 1576 fractus,
1607 1547 1671 1570 nec
1698 1547 1781 1570 vero

377 1593 541 1629 secundis
572 1594 697 1633 elatus,
729 1593 875 1640 vigiliis,
905 1594 1153 1634 abstinentiae,
1181 1593 1344 1639 jejuniis,
1375 1598 1412 1628 et
1437 1594 1601 1638 precibus
1627 1594 1779 1633 deditus,

377 1651 570 1696 propositis
597 1651 665 1684 sibi
692 1656 909 1691 sanctorum,
933 1651 1111 1695 imprimis
1134 1650 1283 1685 Patricii
1307 1655 1343 1685 et
1368 1651 1569 1691 Cuthberti,
1596 1652 1778 1696 exemplis,

378 1710 563 1743 coelestem
583 1709 621 1742 in
645 1709 751 1743 terris
776 1709 889 1743 vitam
914 1709 1077 1743 imitatus
1101 1714 1168 1743 est.
1221 1708 1479 1755 Peregrinandi
1503 1713 1623 1742 autem
1649 1709 1780 1753 pietate

379 1778 545 1801 accensus
572 1766 726 1800 Romam
753 1767 864 1807 venit,
891 1766 954 1800 ubi
977 1766 1171 1811 lachrymis
1198 1765 1357 1810 profusis
1384 1766 1428 1799 ad
1456 1766 1583 1799 altaria
1607 1768 1780 1810 apostolo-

378 1836 459 1859 rum
489 1829 524 1858 et
554 1824 599 1857 ad
624 1828 827 1869 martyrum
853 1824 1022 1869 reliquias
1049 1823 1184 1858 orabat.
1236 1822 1438 1868 Episcopus
1465 1834 1550 1857 vero
1575 1822 1702 1864 factus,
1729 1825 1779 1858 ita

379 1882 482 1921 vixit,
501 1885 543 1915 ut
566 1881 748 1915 doctrinae
771 1881 995 1927 evangelicae
1013 1880 1268 1925 praedicationi
1287 1881 1518 1925 responderet
1535 1891 1677 1915 morum
1700 1882 1780 1916 reli-

378 1939 494 1985 gione,
513 1943 548 1973 et
565 1939 765 1979 sanctitate,
783 1949 874 1983 quae
892 1944 973 1983 post
991 1938 1129 1973 obitum
1147 1938 1225 1984 ejus
1243 1938 1358 1973 eluxit
1376 1938 1415 1972 in
1432 1938 1574 1973 coelesti
1593 1939 1780 1973 miraculo-

379 2008 459 2031 rum
478 1996 645 2031 virtute.”

431 2053 552 2100 Hujus
571 2054 725 2088 nominis
743 2053 810 2088 sub
828 2055 942 2088 tutela
959 2058 1013 2088 est
1030 2053 1285 2088 Ruraemonda
1301 2054 1387 2088 urbs
1405 2054 1443 2088 in
1460 2053 1596 2100 Belgio,
1610 2058 1646 2089 et
1659 2065 1778 2089 sacrae

380 2113 550 2157 reliquiae
581 2116 813 2146 asservantur
844 2111 1046 2158 Ultrajecti,
1076 2117 1118 2146 ut
1149 2112 1210 2147 lib.
1242 2120 1311 2146 XV.
1341 2112 1409 2146 hoc
1443 2123 1548 2156 opere
1582 2123 1692 2157 supra
1727 2119 1779 2147 est

381 2176 574 2210 ostensum,
599 2170 660 2204 ubi
684 2170 727 2204 de
751 2169 787 2204 S.
807 2169 1022 2204 Plechelmo.
1073 2169 1117 2203 B.
1140 2169 1371 2204 Marcellinus
1389 2170 1432 2203 de
1450 2180 1491 2203 eo
1508 2170 1546 2203 in
1564 2170 1639 2204 vita
1658 2169 1778 2204 Sancti

382 2227 564 2261 Suniberti
582 2238 658 2272 cap.
679 2236 764 2261 XIV.
788 2227 884 2272 apud
905 2226 1048 2261 Surium
1078 2232 1164 2261 tom.
1191 2236 1233 2260 11.
1259 2227 1316 2260 die
1342 2236 1366 2261 1.
1392 2227 1540 2261 Martii:
1568 2232 1590 2247 “
1607 2226 1780 2262 Similiter

383 2285 533 2318 Sanctus
551 2284 655 2319 &Viro
674 2285 858 2329 episcopus
882 2284 1086 2325 Deirorum,
1110 2284 1262 2318 Sanctus
1289 2284 1511 2319 Plechelmus
1530 2285 1715 2330 episcopus
1738 2286 1781 2319 de

383 2343 504 2376 Massa
523 2342 695 2383 Candida,
710 2343 777 2383 vel,
796 2342 991 2377 secundum
1011 2341 1157 2381 Bedam,
1178 2341 1339 2376 Candida
1357 2341 1480 2376 Casa.'’
1539 2342 1632 2377 Vide
1649 2343 1777 2377 locum.

381 2400 530 2445 Scripsit
