2060 2848
644 320 819 353 GENTIS
845 319 1120 358 SCOTORUM,
1147 320 1236 352 LIB.
1262 320 1362 352 XIII.
1634 320 1694 350 501

769 469 804 504 S.
832 469 1096 504 NICOLAUS.
1152 472 1235 507 952.

310 587 346 620 S.
367 585 589 624 N1COLAUS,
608 583 775 624 Culdeus,
802 588 908 628 atque
933 594 1026 617 unus
1051 595 1095 617 ex
1117 584 1242 628 primis
1262 584 1418 618 Scoticae
1439 585 1602 619 ecclesiae
1624 585 1695 630 epi-

309 643 436 687 scopis,
458 641 636 676 saeviente
653 652 716 685 per
734 641 941 675 Britannias
960 641 1172 674 Maximiani
1191 642 1433 685 persecutione
1450 643 1624 687 martyrio
1642 642 1694 676 af-

309 700 434 739 fectus,
452 699 491 732 in
508 709 636 732 urnam
658 699 833 742 lapideam
854 702 1094 732 sacrosanctae
1120 698 1290 742 reliquiae
1315 699 1482 742 corporis,
1508 698 1693 734 frustatim

312 756 443 791 concisi
462 760 497 789 et
514 756 681 794 truncati,
700 755 884 799 repositae,
903 759 1009 799 atque
1026 766 1099 788 una
1115 766 1196 788 cum
1214 766 1315 789 cruce
1329 756 1482 799 quadam
1501 756 1694 790 venerabili

310 814 348 846 in
379 817 510 846 terram
536 811 705 849 defossae,
736 815 859 855 postea
889 811 1034 845 effossae
1066 812 1132 845 hac
1163 812 1402 856 inscriptione,
1433 813 1696 846 venerationem

308 873 526 908 meruerunt,
555 865 595 902 S.
614 864 766 902 Nicolai
782 865 963 913 Episcopi
974 880 986 906 ,·
1010 869 1138 913 quibus
1157 869 1283 902 deinde
1307 868 1387 902 Rex
1404 867 1607 902 Alexander
1626 869 1696 903 ΙΙΙ.

309 931 439 972 rogatu
460 925 684 959 Glascuensis
710 924 863 968 episcopi
888 925 1112 970 magnificam
1136 926 1316 959 ecclesiam
1342 926 1437 969 apud
1464 925 1589 959 Pebles
1616 937 1696 960 con·

309 983 454 1022 struxit,
472 993 573 1026 quae,
594 986 710 1015 stante
729 981 823 1025 apud
840 985 1015 1015 nostrates
1033 983 1176 1026 pietate,
1201 982 1453 1016 miraculorum
1480 983 1595 1028 gloria
1620 988 1697 1017 erat

308 1040 469 1078 illustris,
488 1044 524 1072 et
541 1049 713 1072 concursu
730 1037 883 1071 mirabili
898 1037 1201 1081 frequentabatur.
1253 1038 1314 1072 An
1332 1039 1467 1083 aliquid
1485 1039 1542 1073 hic
1560 1040 1695 1083 primus

308 1097 502 1139 episcopus,
522 1099 563 1128 ut
580 1099 680 1138 puto,
699 1095 736 1127 in
754 1094 873 1127 Scotia
889 1098 1039 1138 martyr,
1057 1095 1248 1139 scripserit,
1267 1106 1340 1128 non
1356 1095 1584 1139 deprehendi.

359 1153 490 1186 Passus
508 1156 561 1185 est
578 1151 792 1196 martyrium
810 1161 903 1184 anno
923 1160 1085 1185 CCXCVI.
1133 1151 1329 1196 Repertum
1350 1163 1489 1185 sacrum
1508 1163 1634 1197 corpus
1653 1165 1697 1187 ex

309 1209 538 1253 inscriptione
557 1209 731 1254 agnitum,
750 1212 785 1241 et
811 1218 890 1241 cum
917 1219 1018 1242 cruce
1044 1209 1240 1242 exaltatum
1267 1217 1339 1242 vn.
1366 1209 1446 1243 idus
1473 1208 1574 1249 Maii,
1602 1221 1695 1243 anno

311 1275 501 1300 MCCLXII.
529 1266 591 1309 qui
609 1264 679 1298 fuit
696 1265 852 1298 decimus
870 1269 906 1298 et
928 1266 1056 1299 tertius
1078 1265 1278 1299 Alexandri
1296 1265 1365 1300 ΙΙΙ.
1392 1267 1498 1311 regis,
1522 1271 1564 1300 ut
1587 1268 1695 1311 pluri-

309 1323 375 1357 bus
394 1323 431 1356 in
449 1322 713 1357 Scotichronico
732 1326 828 1356 extat
847 1322 907 1355 lib.
928 1331 1014 1355 XIV.
1034 1333 1109 1367 cap.
1131 1331 1216 1356 XVI.

758 1435 794 1469 S.
822 1434 1106 1470 NECTANUS.
1161 1438 1244 1474 953.

309 1552 371 1586 DE
396 1552 431 1586 S.
458 1551 618 1585 Nectano
646 1550 754 1584 verba
779 1550 952 1584 sufficient
979 1550 1144 1584 Hectoris
1170 1550 1315 1585 Boethii
1341 1552 1402 1586 lib.
1430 1562 1486 1586 xl.
1516 1554 1697 1587 Historiae

309 1609 405 1644 Scot.
430 1620 511 1654 pag.
536 1616 683 1642 CCXLv.
716 1612 738 1627 “
760 1607 841 1646 Quo
859 1612 1026 1651 tempore,
1045 1608 1166 1641 eodem
1184 1607 1322 1641 Davide
1345 1609 1403 1652 pio
1429 1621 1511 1655 rege
1537 1610 1696 1650 authore,

309 1666 573 1700 Aberdonensis
588 1665 686 1699 sedes
701 1664 805 1704 facta,
823 1669 859 1698 et
876 1664 1107 1709 amplioribus
1125 1665 1256 1698 donata
1273 1665 1455 1706 reditibus,
1475 1668 1579 1713 longe
1597 1678 1697 1701 orna-

310 1724 380 1757 tior
397 1722 635 1766 celebriorque
653 1722 789 1755 cunctis
808 1726 861 1755 est
877 1721 1010 1755 habita.
1062 1721 1258 1755 Murthlaci
1281 1732 1419 1756 sacrum
1446 1724 1696 1769 magistratum

311 1780 469 1814 omnium
488 1779 624 1822 primus
642 1779 752 1824 gessit
770 1778 925 1818 Beanus,
944 1779 1000 1812 vir
1017 1779 1148 1822 pietate
1167 1783 1202 1812 et
1219 1779 1417 1813 eruditione
1434 1780 1578 1826 insigni,
1605 1781 1698 1815 inter

311 1837 411 1870 divos
431 1835 491 1869 sed
510 1835 645 1879 aliquot
663 1840 744 1878 post
761 1846 871 1868 annos
889 1836 1032 1869 relatus.
1085 1834 1129 1868 In
1147 1836 1224 1880 ejus
1242 1836 1356 1869 locum
1375 1836 1542 1870 suffectus
1559 1836 1697 1871 Donor-

311 1893 382 1926 tius
397 1903 406 1932 ;
425 1892 508 1926 huic
521 1891 712 1925 Cormacus
726 1903 916 1931 successor,
932 1903 1003 1925 non
1018 1892 1149 1936 absque
1164 1892 1362 1926 sanctitatis
1375 1893 1540 1936 opinione
1554 1894 1697 1928 beatum

311 1950 416 1983 finem
434 1954 584 1992 uterque
602 1949 762 1982 sortitus.
802 1947 983 1982 Nectanus
1000 1949 1082 1982 inde
1099 1949 1215 1982 tenuit
1232 1948 1488 1993 pontificatum,
1503 1961 1607 1994 quem
1626 1950 1696 1985 Da-

312 2007 374 2040 vid
393 2006 536 2039 Primus
554 2016 628 2045 rex,
643 2006 726 2050 jure
743 2006 837 2038 inter
854 2005 954 2039 divos
972 2009 1189 2046 numeratus,
1206 2002 1464 2039 Murthlacensi
1481 2007 1562 2040 sede
1583 2006 1697 2041 Aber-

312 2064 455 2097 doniam
473 2063 655 2101 translata,
674 2067 714 2096 ut
732 2066 869 2106 patrem
892 2073 1030 2106 semper
1053 2065 1251 2101 veneratus,
1275 2060 1563 2096 Aberdonensem
1587 2064 1696 2098 antis-

314 2121 414 2154 titem
442 2120 555 2153 voluit
577 2119 779 2163 appellari.’'
829 2110 967 2153 Mentio
985 2119 1061 2163 ejus
1082 2119 1174 2162 apud
1197 2117 1400 2163 Turgotum
1418 2118 1694 2155 Dunelmensem

312 2178 350 2211 in
375 2176 463 2210 Vita
489 2176 524 2210 S.
552 2176 713 2215 Davidis,
740 2180 775 2209 et
801 2176 845 2210 ab
865 2175 1178 2209 Aberdonensibus
1207 2179 1249 2208 ut
1274 2179 1417 2210 sanctus
1445 2176 1583 2217 colitur,
1614 2178 1694 2212 licet

314 2235 441 2268 sileant
460 2233 725 2279 martyrologia.
778 2232 966 2276 Scripsisse
985 2232 1165 2266 ferebatur

458 2290 580 2325 Vitam
599 2289 634 2323 S.
654 2289 804 2323 Davidis
822 2290 932 2335 Regis
1194 2289 1254 2322 lib.
1276 2297 1300 2321 1.

459 2347 582 2381 Vitam
601 2346 636 2380 S.
657 2347 879 2392 Margaretae
898 2346 1055 2391 Reginae
1192 2346 1252 2380 lib.
1274 2356 1299 2380 1.

360 2404 501 2438 Floruit
520 2415 612 2438 anno
632 2412 750 2438 Mcxr.

988 2461 1012 2485 Z
