2060 2848
662 304 838 337 GENTIS
860 304 1134 345 SCOTORUM‚
1159 306 1247 339 LIB.
1273 307 1386 340 XVII.
1654 310 1714 339 581

532 397 611 431 MS.
629 408 735 441 penes
752 408 789 431 se
806 397 912 432 habet
929 399 1188 435 eruditissimus
1205 399 1358 435 Jacobus
1375 399 1594 436 sirmondus.

482 453 537 488 De
552 458 675 488 sancto
691 453 825 488 Missae
842 454 986 489 Canone
1350 456 1411 490 lib.
1431 466 1456 491 1.
1509 456 1645 502 Impius
1664 463 1716 492 est

530 511 597 544 hoc
623 511 699 544 loco
722 510 887 551 BalaeuS,
913 512 974 555 qui
999 513 1077 546 vult
1107 517 1185 546 tum
1208 513 1364 557 primum
1389 513 1577 548 missarum
1606 515 1716 549 solen-

530 568 591 601 nia
615 567 654 601 in
681 567 833 601 ecclesiis
862 568 1040 609 instituta,
1071 568 1190 602 abusis
1220 569 1338 603 verbis
1362 569 1558 615 Sigeberti:
1584 569 1714 617 Grego-

531 624 606 658 rius
637 623 685 658 11.
718 628 740 643 ‘⁶
765 625 951 659 constituit
979 630 1022 659 ut
1050 629 1207 669 tempore
1233 625 1532 671 Quadragesimae
1563 635 1600 661 v.
1627 627 1714 661 feria

524 680 705 726 jejunium
723 685 758 715 et
775 681 957 715 celebritas
974 681 1162 716 missarum
1180 682 1278 716 fieret
1295 683 1332 716 in
1350 683 1503 723 ecclesia,
1529 684 1624 728 quod
1645 695 1716 719 non

526 737 631 771 fiebat
658 737 793 771 antea.”
844 736 877 770 O
902 737 1037 781 perdite
1062 737 1246 778 haeretice,
1278 739 1464 773 veritatem
1490 750 1649 785 agnosce,
1680 747 1716 775 et

527 794 703 833 erubesce,
719 804 803 827 nam
820 804 892 827 non
913 794 1101 827 missarum
1127 794 1185 828 ille
1210 795 1368 829 solennia
1392 796 1561 836 instituit,
1588 797 1649 830 sed
1674 802 1715 831 ut

529 849 619 884 feria
636 858 674 883 V.
688 851 727 884 in
743 850 1024 896 Quadragesima
1040 850 1168 884 missae
1185 856 1377 896 augustum
1404 852 1611 886 sacrificium
1629 854 1714 887 cele-

529 907 683 946 brarent,
701 906 823 946 edixit,
841 907 926 950 quia
942 906 1034 941 forte
1052 911 1133 941 ante
1150 908 1239 941 illud
1256 912 1395 952 tempus
1412 909 1486 942 dies
1503 907 1653 944 Veneris
1669 910 1715 943 ob

529 963 805 997 recordationem
822 962 996 1007 passionis
1013 963 1208 998 dominicae
1225 964 1386 1009 lugubris
1413 970 1499 1005 erat,
1527 970 1562 999 et
1587 977 1608 1000 a
1633 976 1712 1000 con-

528 1019 723 1053 secratione
740 1019 921 1053 immunis.

381 1076 522 1110 Floruit
538 1086 631 1109 anno
650 1083 817 1109 Dccxw.

690 1189 727 1223 S.
755 1188 988 1224 SARANUS
1013 1190 1188 1225 ABBAS.
1240 1194 1344 1227 1041.

330 1304 392 1338 DE
427 1305 632 1339 clericorum
667 1308 814 1337 tonsura
855 1313 896 1337 ac
930 1303 1113 1338 Paschatis
1153 1306 1384 1341 celebratione
1419 1318 1545 1352 anceps
1578 1307 1709 1352 diuque

330 1361 424 1395 inter
452 1361 613 1395 ecclesias
643 1360 816 1394 Scoticam
847 1364 882 1393 et
912 1359 1158 1396 Britannicam
1187 1367 1310 1397 exorta
1335 1368 1388 1397 est
1412 1364 1594 1408 quaestio:
1625 1370 1710 1399 tune

330 1418 369 1452 in
391 1418 535 1452 ecclesia
560 1417 696 1451 Scotica
722 1417 778 1450 vir
803 1421 879 1451 erat
901 1417 982 1461 pius
1005 1428 1045 1451 ac
1067 1420 1233 1461 prudens,
1261 1419 1416 1453 Saranus
1439 1421 1545 1454 abbas
1571 1427 1606 1455 et
1631 1422 1710 1455 doc-

328 1479 397 1515 tor,
414 1479 457 1508 ut
473 1474 623 1508 habetur
639 1481 725 1508 tom.
746 1482 805 1507 111.
834 1473 1020 1507 Concilior.
1047 1476 1086 1508 in
1112 1476 1259 1510 decretis
1285 1476 1437 1510 Honorii
1463 1476 1492 1510 1.
1518 1488 1592 1521 cap.
1619 1486 1707 1511 xlx.

328 1542 410 1577 pag.
437 1539 557 1564 Lxm.
609 1530 700 1564 Orta
736 1534 855 1563 autem
885 1530 970 1563 haec
1001 1532 1179 1566 contentio
1209 1536 1262 1566 est
1292 1543 1385 1567 anno
1415 1541 1583 1567 Dchw.
1613 1533 1710 1579 Sige-

327 1589 428 1622 berto
462 1591 614 1627 auctore,
650 1587 733 1620 licet
766 1587 856 1619 male
887 1586 1091 1621 Florentius
1122 1587 1382 1634 Wigorniensis
1412 1590 1548 1635 rejiciat
1578 1590 1615 1624 in
1649 1600 1710 1623 an-

328 1657 415 1680 num
434 1654 664 1679 DCLXXXVI.
717 1644 820 1678 Tunc
839 1645 933 1678 enim
957 1644 1172 1678 reconciliati
1195 1644 1338 1679 fuerant
1359 1656 1480 1689 paene,
1499 1651 1534 1680 et
1550 1647 1595 1680 ad
1611 1646 1709 1680 unio-

329 1713 410 1737 nem
440 1702 642 1736 Catholicae
672 1701 834 1736 ecclesiae
864 1701 1000 1735 reducti
1029 1712 1092 1745 per
1121 1700 1321 1746 Egbertum
1349 1713 1441 1736 anno
1472 1711 1591 1737 Dccx.
1618 1703 1708 1737 Her-

329 1770 423 1793 man.
442 1758 621 1792 Contract.
641 1758 773 1791 Chron.
799 1768 882 1791 nam
907 1758 938 1791 si
963 1768 1069 1791 verus
1086 1765 1140 1791 est
1157 1757 1328 1792 Florentii
1346 1769 1525 1799 numerus,
1550 1760 1710 1804 sequitur

329 1815 600 1859 discrepantiam
619 1814 716 1847 illam
740 1823 858 1847 ΧΧΠ.
885 1814 986 1847 annis
1004 1815 1159 1854 durasse,
1177 1815 1271 1858 quod
1289 1814 1418 1848 falsum
1435 1826 1479 1849 ex
1496 1815 1604 1849 Beda.
1655 1815 1707 1849 Ut

329 1873 387 1906 ille
420 1871 459 1905 in
492 1882 640 1905 numero
677 1870 861 1904 abundans
897 1874 1046 1909 exerrat,
1083 1870 1134 1904 ita
1174 1870 1337 1915 Rhegino
1373 1871 1591 1905 Prumiensis
1626 1871 1707 1905 defi-

329 1930 435 1967 ciens,
470 1927 531 1972 qui
564 1931 584 1946 “
604 1926 804 1960 Honorium
835 1926 1036 1971 pontificem
1066 1925 1187 1960 Scotos
1224 1926 1262 1960 in
1292 1927 1522 1961 celebratione
1551 1927 1705 1962 Paschae

329 1990 468 2019 orantes
499 1995 562 2028 per
592 1984 776 2028 epistolam
807 1983 1037 2027 corripuisse''
1068 1983 1200 2023 scribit,
1230 1984 1392 2027 idemque
1422 1987 1616 2027 praestasse
1644 1983 1706 2018 Jo-

328 2052 456 2076 annem
486 2045 520 2074 et
551 2041 627 2086 ejus
654 2041 890 2074 successorem*
914 2039 1122 2072 Severinum
1148 2050 1241 2073 anno
1266 2047 1407 2073 DXLVI.
1465 2038 1540 2073 Nec
1563 2040 1705 2074 omnino

329 2109 436 2133 sanus
455 2098 493 2131 in
511 2097 666 2130 Mariani
685 2096 779 2130 Scoti
798 2095 973 2130 Chronico
990 2106 1169 2134 numerus,
1187 2097 1248 2139 qui
1265 2095 1303 2129 id
1319 2095 1370 2129 ait
1387 2106 1479 2129 anno
1497 2103 1705 2130 Dexxxln.

330 2154 530 2200 contigisse,
561 2164 640 2187 cum
670 2153 827 2187 nondum
851 2152 965 2186 adhuc
990 2156 1086 2186 mota
1110 2151 1236 2186 fuisset
1261 2153 1507 2186 controversia.
1557 2151 1706 2197 Scripsit

329 2211 388 2246 hic

474 2265 654 2312 Epistolas
724 2266 768 2300 ad
842 2263 1022 2299 Hilarium
1092 2264 1461 2311 Archipresbyterum,
1531 2263 1703 2300 Joannem
