2060 2848
395 292 458 324 616
775 294 1006 329 HISTORIA
1030 295 1335 331 ECCLESIASTI
1340 299 1399 331 CA

542 387 596 422 De
611 387 869 425 Britannorum
882 390 991 425 Malis
1009 390 1070 426 lib.
1091 400 1116 425 1.
1199 391 1242 425 In
1261 393 1415 427 minores
1438 393 1634 438 Prophetas
1677 393 1737 427 lib.
1759 403 1786 427 I.

541 445 602 480 Ad
619 445 796 482 Ecclesias
814 447 970 483 Scoticas
1011 449 1073 484 lib.
1094 457 1120 483 1.
1163 448 1385 484 Bibliotheca
1402 450 1438 484 S.
1461 450 1596 485 Crucis.

442 503 472 536 F
474 503 583 538 loruit
601 515 694 538 anno
713 512 848 539 MLXX.
906 505 1075 541 Meminit
1098 505 1297 550 Polydorus
1324 505 1500 553 Virgilius
1527 507 1587 541 lib.
1617 516 1674 542 IX.
1701 519 1783 553 pag.

392 570 500 595 CLVI.
519 566 556 595 at
574 566 783 606 corruptum
800 573 930 598 nomen
948 574 1083 603 censeo,
1098 568 1134 598 et
1151 560 1346 597 Fothaclus
1363 565 1564 610 legendum,
1588 571 1630 599 ut
1649 566 1686 599 in
1705 565 1786 599 Sco-

392 618 597 653 tichronico.

776 734 813 768 S.
841 733 1186 769 THEBACULUS
1212 735 1265 769 M.
1295 737 1401 770 1131.

389 851 424 884 S.
445 850 726 884 THEBACULUS
744 849 938 884 monachus
956 849 1082 894 primis
1101 850 1228 884 seculis
1250 861 1326 884 rem
1345 851 1508 885 ecclesiae
1527 851 1694 892 Scoticae,
1713 862 1784 885 non

388 919 514 951 parum
533 907 744 942 eruditionis
763 911 798 941 et
816 907 959 951 pietatis
977 907 1103 953 gloria,
1121 908 1315 952 promovit.
1367 907 1517 952 Scripsit

536 965 730 999 Conciones
749 965 794 999 ad
812 963 992 1008 Populum
1326 966 1387 1000 lib.
1410 975 1435 1000 Ι.

533 1022 715 1067 Epistolas
734 1023 779 1056 ad
797 1021 976 1056 Ecclesias
992 1023 1127 1067 patrias
1330 1023 1391 1058 lib.
1412 1032 1438 1057 1.

434 1080 620 1120 Veniebat,
635 1081 833 1124 appellente
844 1078 891 1113 D.
905 1079 1056 1126 Regulo,
1075 1091 1155 1114 cum
1170 1081 1330 1126 reliquiis
1342 1080 1387 1115 D.
1403 1080 1569 1116 Andreae
1582 1092 1626 1116 ex
1640 1081 1778 1116 Achaia

385 1139 450 1173 sub
468 1149 601 1173 annum
620 1146 815 1172 eceinx.
859 1136 964 1171 Hect.
984 1137 1112 1171 Boeth.
1132 1137 1192 1171 lib.
1211 1146 1266 1171 VI.
1287 1137 1427 1172 Histor.
1448 1137 1542 1172 Scot.
1562 1149 1642 1185 pag.
1664 1148 1727 1173 cv.

665 1250 873 1286 ALANUS
899 1259 955 1284 DE
983 1250 1248 1286 T'IFEDALE
1278 1251 1330 1286 M.
1387 1254 1495 1286 1132.

382 1370 556 1404 Animus
573 1369 617 1402 de
635 1367 797 1401 Tifedale
815 1366 862 1401 D.
880 1365 1041 1412 Augusti
1067 1365 1231 1400 habitum
1258 1366 1395 1401 Romae
1421 1367 1550 1407 induit,
1577 1373 1612 1402 et
1636 1368 1777 1413 scripsit

382 1429 594 1468 doctissime,

529 1485 712 1531 Logicalia
729 1483 924 1519 Axiomata
974 1483 1035 1518 lib.
1057 1491 1083 1516 1.
1234 1481 1278 1516 In
1296 1492 1408 1526 parva
1426 1481 1617 1517 Naturalia
1667 1483 1728 1518 lib.
1750 1493 1773 1517 1.

529 1542 766 1587 Epitaphium
784 1540 930 1586 Aegidii
948 1539 1114 1578 Romani,
1133 1538 1403 1584 Archiepiscopi
1423 1540 1644 1586 Biturigum,
1667 1541 1728 1575 lib.
1750 1551 1774 1574 1.

579 1601 636 1634 cui
654 1603 848 1644 perpetuus
866 1608 982 1632 comes
999 1597 1173 1631 haeserat.
1226 1596 1305 1630 MS.
1325 1596 1480 1631 Viterbii
1499 1602 1714 1632 asservatur.

527 1657 673 1703 Aegidii
691 1655 845 1690 Romani
864 1655 1136 1689 Testamentum
1154 1653 1215 1688 lib.
1236 1664 1261 1688 1.
1314 1654 1422 1688 Latet
1440 1654 1588 1689 Cremae
1606 1655 1685 1690 MS.

429 1716 530 1751 Obiit
540 1714 607 1749 sub
614 1713 821 1747 Alexandro
836 1713 879 1746 de
893 1710 1093 1755 S.E1pi‹lio,
1108 1711 1243 1746 ordinis
1255 1712 1423 1758 generali,
1439 1723 1532 1746 anno
1546 1720 1771 1748 MCCCCXXI.

379 1779 420 1809 ut
437 1776 474 1808 in
492 1773 739 1817 supplemento
756 1769 963 1805 Chronicor.
983 1768 1130 1812 Josephi
1150 1769 1342 1813 Pamphili,
1367 1769 1521 1814 episcopi
1541 1768 1691 1815 Siguini‚
1711 1782 1774 1805 no-

379 1832 471 1866 tavit
490 1828 697 1864 Leonardus
715 1827 885 1873 Cognean
903 1825 1184 1866 Aurelianensis,
1202 1827 1360 1872 ejusdem
1379 1827 1514 1861 ordinis
1532 1828 1659 1862 socius.

852 1943 887 1977 S.
916 1941 1059 1976 TYNA
1086 1942 1137 1976 M.
1193 1944 1298 1977 1133.

379 2064 414 2097 S.
428 2062 554 2097 TYNA
566 2060 819 2095 Benedictinus
833 2058 1045 2093 monachum
1062 2058 1250 2092 Melrosiae
1263 2058 1393 2099 induit,
1408 2069 1429 2093 a
1440 2070 1579 2093 morum
1593 2061 1771 2095 suavitate

378 2123 652 2167 cognomentum
681 2116 763 2152 bom·
791 2116 923 2151 meruit
946 2120 981 2150 et
1007 2116 1152 2169 accepit,
1178 2116 1336 2150 coenobii
1362 2116 1520 2161 ejusdem
1547 2114 1768 2157 cellerarius,

376 2183 417 2212 ut
436 2177 595 2221 loquitur
613 2175 900 2209 Scotichronicon
918 2173 979 2208 lib.
1003 2183 1054 2208 VI.
1081 2185 1157 2218 cap.
1177 2182 1332 2207 XXXIII.
1360 2174 1396 2208 S.
1423 2173 1606 2208 Waltheni
1630 2174 1768 2209 abbatis

378 2235 507 2269 ibidem
526 2234 732 2277 discipulus,
751 2237 787 2266 et
804 2236 1020 2266 secretorum
1038 2232 1209 2266 conscius.
1262 2230 1411 2276 Scripsit

524 2290 617 2324 Acta
634 2290 797 2336 magistri
815 2289 999 2324 Waltheni
1026 2290 1086 2324 lib.
1107 2299 1130 2323 1.
1183 2288 1237 2323 De
1255 2288 1513 2334 Eleemosynae
1531 2289 1634 2324 Bono
1660 2290 1719 2324 lib.
1741 2299 1767 2323 1.

525 2347 710 2390 Sermones
728 2347 1049 2394 quadragesimales
1107 2389 1109 2391 Ι
1217 2347 1276 2380 lib.
1298 2356 1322 2380 I.

424 2404 591 2441 Florebat
608 2416 702 2439 anno
721 2412 894 2439 MCLXIV.
