2060 2848
370 302 432 332 4234
483 341 493 351 θ
748 300 981 334 HISTORIA
1005 301 1378 335 ECCLESIASTICA

814 453 1047 488 LADILAN
1049 454 1102 489 DI
1107 454 1178 489 US.
1232 457 1315 489 801.

371 567 673 602 LADILANDIAE
688 569 852 603 dominus
868 568 915 603 N.
929 569 1106 610 Graimus,
1121 570 1178 603 vir
1191 569 1384 604 Catholicis
1399 570 1594 605 virtutibus
1605 572 1757 606 instruc-

369 626 539 667 tissimus,
558 638 638 660 cum
657 627 814 660 sectariis
831 627 1006 660 ministris
1023 638 1158 661 morem
1181 638 1302 672 gerere
1326 629 1446 667 nollet,
1471 629 1533 662 sed
1550 628 1754 663 Catholicae

369 684 531 718 ecclesiae
549 684 765 724 adhaereret,
784 684 890 718 saluti
909 695 993 718 suae
1011 685 1148 718 animae
1165 689 1429 728 prospecturus,
1447 685 1595 720 conficto
1609 687 1756 720 crimine

368 741 412 775 ab
437 741 562 775 iisdem
589 742 733 785 petitus,
760 752 841 775 cum
867 741 911 775 ab
937 752 978 775 eo
1003 741 1143 775 sceleris
1169 752 1282 785 poena
1307 742 1510 787 exigeretur
1535 743 1580 776 ab
1603 743 1672 777 alio
1696 744 1756 776 ad-

368 799 478 838 missi,
509 799 706 832 subducens
735 810 771 832 se
803 809 925 832 eorum
954 798 1154 837 violentiae,
1190 809 1254 831 nec
1285 803 1408 832 contra
1433 800 1539 844 leges,
1567 800 1634 834 etsi
1665 799 1755 833 falso

366 856 604 895 insimulatus,
623 867 659 889 se
676 866 833 895 movens,
852 856 897 888 ad
913 854 1102 889 Ailzenam
1119 855 1157 888 in
1175 866 1271 888 mare
1295 860 1406 895 actus,
1429 866 1474 889 ne
1500 857 1652 900 simplici
1678 857 1754 900 qui-

365 914 444 946 dem
462 917 576 947 morte
599 913 798 952 defunctus,
822 913 1014 952 demersus,
1041 923 1081 946 ac
1105 913 1234 958 glande
1254 912 1420 957 plumbea
1444 914 1627 959 trajectus,
1653 915 1755 958 quasi

366 976 461 1004 terra
486 975 522 1004 et
539 981 633 1015 aqua
659 971 858 1005 innocentis
884 971 923 1004 in
946 970 1087 1004 caedem
1113 970 1368 1016 conjurassent,
1396 971 1491 1005 vitae
1517 971 1655 1005 exitum
1680 971 1755 1005 feli-

365 1039 438 1062 cem
456 1029 615 1062 sortitus.
667 1028 814 1063 Brunus
833 1029 1062 1062 Miscellanea
1080 1027 1243 1062 Historia
1261 1027 1511 1063 Ecclesiastica
1527 1040 1609 1074 pag.
1630 1038 1655 1062 1.

412 1085 544 1120 Caesus
563 1090 616 1121 est
633 1087 701 1121 sub
718 1097 852 1121 annum
874 1095 973 1120 Mne.

757 1201 1004 1238 ANDREAS
1030 1200 1217 1236 LECHA.
1270 1203 1351 1235 802.

362 1317 567 1351 ANDREAS
586 1318 716 1358 Lecha,
735 1318 858 1352 doctor
874 1318 1083 1363 theologiae,
1103 1321 1270 1350 strenuus
1289 1316 1424 1350 Christi
1451 1317 1596 1357 athleta,
1623 1318 1753 1352 verita-

363 1380 435 1408 tem
475 1375 727 1420 evangelicam,
763 1380 975 1419 sanctaeque
1009 1374 1135 1408 matris
1170 1374 1333 1407 ecclesiae
1368 1375 1535 1408 unionem
1571 1375 1679 1408 verbo
1717 1380 1751 1408 et

363 1432 495 1476 scripto
514 1431 680 1472 firmavit,
695 1433 778 1478 jure
795 1432 923 1466 merito
941 1432 1011 1466 illis
1030 1432 1329 1472 annumerandus,
1355 1432 1417 1476 qui
1440 1432 1598 1466 nascenti
1616 1431 1752 1466 haeresi

362 1490 587 1524 obstiterunt.
640 1489 796 1524 Joannes
831 1489 1000 1523 Leslaeus
1029 1500 1110 1534 pag.
1144 1489 1367 1522 DLXV11.in
1398 1488 1535 1522 Histor.
1592 1488 1752 1532 Scripsit,

360 1548 454 1590 quod
473 1548 574 1591 prius
592 1547 848 1591 disputaverat,

508 1605 564 1639 De
582 1605 668 1638 reali
687 1605 894 1638 Praesentia
1245 1603 1306 1637 lib.
1328 1612 1352 1636 Ι.

510 1662 565 1696 De
584 1662 768 1696 Consensu
786 1662 966 1697 Ecclesiae
985 1661 1187 1696 Catholicae
1246 1661 1306 1694 lib.
1328 1670 1351 1694 1.

509 1720 676 1754 Haeresis
695 1719 814 1754 Mores
1246 1719 1306 1753 lib.
1327 1728 1352 1752 1.

411 1777 577 1811 Florebat
594 1789 687 1811 anno
707 1786 874 1811 MDLXII.

697 1892 1016 1927 EPIPHANIUS
1042 1891 1277 1926 LINDSAY.
1331 1893 1413 1926 803.

362 2010 620 2043 EPIPHANIUS
639 2008 810 2053 Lindsay,
828 2009 938 2043 nobili
963 2009 1146 2055 sanguine,
1175 2020 1246 2042 non
1265 2010 1368 2054 longe
1392 2007 1603 2047 Dumfrisio,
1630 2007 1749 2041 oriun-

360 2069 437 2107 dus,
457 2067 517 2101 sed
535 2067 649 2106 factis,
668 2070 704 2100 et
720 2077 860 2100 morum
885 2067 1102 2101 continentia
1129 2066 1290 2106 nobilior,
1317 2065 1581 2110 Capucinorum
1606 2065 1749 2110 regulae

360 2138 396 2159 se
417 2126 571 2165 tradens,
590 2124 711 2158 crebro
730 2124 767 2157 in
785 2124 938 2168 patriam
957 2124 1137 2164 remissus,
1163 2123 1357 2158 haereticos
1385 2122 1600 2168 disputando
1625 2122 1748 2166 impie-

359 2183 442 2217 tatis
461 2183 624 2216 convicit.
677 2182 826 2226 Scripsit

507 2240 775 2274 controversias
1244 2238 1305 2272 lib.
1325 2248 1349 2271 Ι.

410 2298 560 2332 Vivebat
578 2309 670 2332 anno
690 2305 850 2331 MDCXX.
