2060 2848
660 319 835 353 GENTIS
859 319 1137 356 SCOTORUM,
1163 319 1250 351 LIB.
1277 320 1352 351 XV.
1636 320 1700 350 525

322 416 411 449 titur
427 415 466 448 in
483 413 692 447 Hiberniam
710 424 731 447 a
749 412 947 446 Coelestino
963 423 1066 456 papa.
1109 411 1177 446 Vir
1199 412 1416 446 mirabilium
1434 422 1590 455 operum,
1608 412 1698 446 vixit

319 471 422 505 annis
439 474 580 504 centum
599 469 728 514 viginti
742 467 776 509 ;''
801 469 897 512 quod
922 468 984 502 vix
1009 468 1174 502 credibile
1190 473 1255 508 est,
1272 472 1411 502 constat
1427 467 1522 501 enim
1540 468 1697 502 Palladio

318 538 340 560 a
367 525 402 559 S.
424 526 624 559 Coelestino
650 525 759 559 misso
784 536 878 558 anno
902 533 1140 558 ceccxxxn.
1164 525 1227 569 qui
1249 525 1397 559 ultimus
1423 525 1500 570 ejus
1525 524 1698 568 pontificis

317 582 399 621 fuit,
413 581 619 616 successisse
633 581 828 615 Patricium
841 592 914 615 non
926 581 996 615 nisi
1009 592 1050 615 eo
1063 585 1204 615 mortuo
1215 591 1224 621 ;
1244 581 1356 627 igitur
1369 593 1387 615 e
1401 581 1537 615 duobus
1550 582 1699 615 alterum

318 649 441 672 verum
460 649 534 672 esse
560 642 710 682 oportet,
736 643 799 672 aut
826 637 976 672 Palladii
1002 648 1236 672 successorem
1261 649 1332 672 non
1358 637 1466 672 fuisse
1493 637 1698 676 Patricium,

316 699 380 729 aut
396 705 469 728 non
486 695 531 728 ab
547 695 668 729 eodem
685 694 849 738 pontifice
870 699 1062 739 utrumque
1079 695 1262 740 legatum;
1288 705 1382 735 nam,
1400 699 1442 728 ut
1460 695 1546 734 dixi,
1564 693 1699 728 Coeles·

316 751 413 785 tinus
439 751 566 785 ultimo
592 751 647 785 sui
672 750 897 795 pontificatus
923 762 1016 785 anno
1042 751 1243 785 Palladium
1273 752 1318 785 ad
1347 751 1468 785 Scotos
1494 751 1696 790 destinavit,

314 808 377 852 qui
406 808 456 842 ibi
483 819 613 854 magna
639 809 825 842 sanctitate
850 813 886 841 et
910 808 1108 842 eruditione
1134 808 1255 841 multis
1278 808 1380 842 annis
1406 814 1589 847 versatus;
1616 819 1696 842 cum

315 870 434 900 tamen
460 865 490 898 si
517 876 642 899 verum
668 865 725 905 sit,
751 865 845 909 quod
871 864 1020 899 Laerius
1045 865 1178 904 scribit,
1200 865 1397 909 oportuerit
1414 865 1534 899 eodem
1553 865 1613 898 illo
1636 876 1697 898 an-

314 933 361 956 no
378 926 414 956 et
431 922 580 956 missum
599 922 643 955 ad
661 921 783 956 Scotos
802 921 1000 955 Palladium
1019 921 1217 961 excessisse,
1245 926 1281 955 et
1305 921 1499 955 Patricium
1516 922 1548 955 ei
1565 933 1698 955 succes-

314 989 429 1013 sorem
446 979 682 1024 designatum,
700 983 735 1013 et
753 977 789 1012 S.
808 977 1047 1012 coelestinum
1064 977 1139 1011 fato
1156 978 1264 1011 etiam
1281 979 1499 1018 concessisse,
1517 979 1612 1023 quod
1634 979 1696 1012 du-

313 1046 393 1069 rum
415 1036 577 1075 credere;
604 1035 838 1068 nihilominus
861 1038 981 1068 tamen
1004 1035 1154 1068 eundem
1183 1035 1285 1068 illum
1314 1045 1468 1068 errorem
1497 1036 1599 1069 video
1625 1046 1696 1069 am-

312 1093 456 1136 plexum
474 1091 709 1138 Sigebertum,
726 1091 790 1135 qui
808 1091 846 1124 in
863 1090 1039 1125 Chronico
1056 1102 1149 1124 anno
1162 1091 1305 1125 laudato
1323 1090 1407 1124 haec.
1425 1092 1550 1125 habet:
1577 1096 1598 1111 “
1612 1092 1696 1126 Coe-

312 1149 460 1183 lestinus
487 1159 580 1193 papa
606 1148 650 1182 ad
681 1147 802 1182 Scotos
832 1148 871 1182 in
899 1146 1083 1181 Christum
1110 1148 1290 1182 credentes
1317 1147 1517 1182 Palladium
1541 1149 1696 1193 primum

312 1206 425 1240 mittit
438 1206 652 1250 episcopum,
663 1211 852 1249 postquam
872 1204 916 1238 ab
934 1204 1055 1238 eodem
1073 1204 1271 1239 Coelestino
1289 1205 1334 1238 ad
1350 1206 1489 1239 eosdem
1503 1206 1630 1240 missus
1644 1211 1696 1239 est

312 1262 348 1297 S.
368 1262 555 1302 Patricius,
573 1273 701 1308 genere
718 1261 849 1301 Britto,
861 1261 954 1294 filius
972 1260 1130 1295 Conches
1148 1262 1278 1295 sororis
1296 1261 1332 1295 S.
1352 1262 1500 1296 Martini
1513 1262 1696 1296 Turonen-

312 1320 373 1359 sis,
390 1320 453 1364 qui
471 1320 508 1353 in
526 1319 703 1363 baptismo
720 1318 863 1363 quidem
882 1318 997 1351 dictus
1015 1322 1068 1351 est
1085 1317 1228 1358 Suchat,
1247 1330 1269 1352 a
1285 1318 1320 1352 S.
1340 1318 1517 1352 Germano
1535 1319 1696 1365 Magoni·

311 1387 364 1417 u8‚
383 1388 404 1410 a
421 1365 620 1410 Coelestino
638 1386 722 1409 vero
741 1374 929 1414 Patricius,
947 1385 968 1407 a
981 1385 1051 1418 quo
1064 1374 1346 1419 archiepiscopus
1360 1375 1543 1409 Scotorum
1558 1376 1695 1410 ordina-

311 1439 381 1473 tus,
398 1444 461 1477 per
472 1441 541 1466 Lx.
559 1443 670 1466 annos
688 1432 812 1478 signis,
832 1432 1030 1470 sanctitate,
1048 1431 1208 1464 doctrina
1225 1432 1406 1471 excellens,
1419 1436 1530 1465 totam
1544 1432 1695 1466 insulam

312 1489 523 1524 Hiberniam
549 1489 725 1523 convertit
750 1489 796 1522 ad
821 1486 1040 1521 Christum.”
1090 1487 1142 1521 Et
1166 1488 1205 1521 in
1230 1488 1352 1522 eodem
1374 1500 1478 1533 opere
1500 1489 1545 1522 ad
1562 1500 1694 1523 annum

311 1555 495 1581 ccccxcx.
516 1551 536 1566 “
547 1545 584 1580 S.
597 1545 785 1584 Patricius,
797 1545 925 1578 secund
931 1555 970 1577 us
985 1544 1178 1578 Hiberniae
1190 1544 1482 1589 archiepiscopus,
1497 1556 1589 1580 anno
1602 1551 1696 1580 aeta-

309 1603 357 1638 tis
374 1615 458 1638 suae
476 1612 608 1638 CXXII.
626 1603 665 1636 111
682 1601 827 1636 Christo
840 1601 1009 1645 quievit.''
1045 1600 1128 1634 Non
1142 1601 1251 1635 fuisse
1265 1603 1457 1636 secundum
1470 1603 1586 1648 gentis
1600 1604 1695 1637 illius

310 1660 623 1705 archiepiscopum,
636 1670 744 1704 supra
755 1663 947 1692 ostensum.
966 1657 1100 1692 Totum
1111 1658 1206 1692 vitae
1217 1659 1374 1692 ordinem
1388 1659 1487 1693 brevi
1497 1660 1695 1694 recensione

310 1717 411 1761 ponit
425 1717 610 1751 Marianus
625 1715 750 1750 Scotus
763 1715 824 1749 lib.
838 1724 880 1749 11.
896 1714 1101 1749 Chronicor.
1116 1719 1230 1749 aetate
1238 1724 1291 1749 VI.
1305 1716 1350 1749 ad
1363 1727 1496 1749 annum
1511 1725 1693 1750 cceexcr.

312 1773 376 1807 “S.
389 1773 576 1813 Patricius,
586 1773 779 1806 Hiberniae
792 1772 1084 1815 archiepiscopus,
1098 1783 1179 1805 cum
1191 1776 1282 1806 esset
1296 1783 1468 1806 annorum
1483 1782 1582 1807 xcn.
1596 1773 1693 1812 obiit,

311 1841 391 1864 cum
409 1834 499 1863 esset
517 1840 692 1863 annorum
709 1828 883 1862 sexdecim
902 1828 1065 1862 venditus
1083 1833 1147 1868 est,
1165 1839 1226 1862 sex
1240 1829 1342 1862 annis
1357 1829 1448 1863 vixit
1461 1830 1498 1863 111
1511 1830 1692 1868 servitute,

311 1888 350 1921 in
367 1886 539 1920 Romanis
556 1885 717 1930 partibus
731 1884 764 1925 ;'’
781 1889 868 1928 puto
882 1884 1016 1928 aliquid
1029 1885 1157 1924 deesse,
1172 1885 1296 1918 saltem
1310 1895 1482 1919 annorum
1495 1897 1692 1926 numerum,

311 1943 439 1988 quibus
453 1943 491 1976 in
504 1942 675 1976 Romanis
690 1941 782 1975 vixit
798 1941 977 1985 partibus;
997 1944 1018 1959 “
1032 1941 1216 1986 sexaginta
1229 1942 1331 1975 annis
1344 1942 1560 1986 praedicavit
1574 1943 1610 1975 in
1626 1942 1691 1976 Hi-

311 1999 464 2035 bernia.”
498 1998 548 2032 Et
562 1998 653 2032 forte
667 1998 774 2032 etiam
788 2002 945 2031 erratum
962 2008 984 2031 a
1000 1997 1143 2031 librario
1160 1997 1268 2031 fuerit
1285 1998 1322 2031 in
1339 2009 1486 2032 numero
1503 1999 1618 2042 primo
1631 2010 1691 2032 an-

310 2067 449 2096 norum,
467 2055 642 2099 siquidem
660 2065 849 2088 consensus
868 2060 920 2087 est
937 2053 1148 2097 scriptorum
1163 2054 1316 2088 vivendo
1329 2065 1410 2088 eum
1428 2060 1568 2088 centum
1586 2061 1620 2089 et
1638 2056 1691 2089 vi-

308 2114 399 2160 giuti
420 2122 530 2147 annos
548 2122 741 2156 superasse.
793 2109 891 2144 Idem
909 2110 952 2143 de
971 2110 1047 2155 ejus
1064 2110 1304 2154 redemptione
1321 2111 1441 2144 eodem
1459 2111 1549 2145 libro
1566 2112 1610 2145 ad
1630 2123 1691 2146 an-

310 2182 397 2206 num
416 2177 585 2203 CCCXCV.
613 2174 634 2188 “
655 2167 746 2202 Cum
763 2167 799 2200 S.
819 2166 1013 2201 Patricium
1031 2166 1199 2200 noluisset
1217 2167 1381 2201 dominus
1398 2178 1483 2201 suus
1501 2168 1688 2208 dimittere,

309 2228 379 2262 nisi
404 2238 468 2271 pro
494 2236 610 2259 massa
631 2236 747 2265 aurea,
775 2223 932 2258 servavit
957 2223 993 2256 S.
1012 2222 1187 2256 Patricius
1210 2228 1394 2267 praecepto
1416 2225 1532 2269 angeli
1552 2224 1688 2259 Victori

310 2284 448 2319 cuidam
466 2293 608 2329 gregem
627 2292 824 2326 porcorum,
844 2290 995 2324 quorum
1013 2284 1130 2313 custos
1147 2280 1232 2313 dum
1251 2280 1319 2314 fuit
1336 2280 1485 2315 Sanctus
1512 2281 1688 2316 Patricius

309 2346 345 2375 et
361 2344 492 2385 pastor,
521 2338 609 2373 fodit
626 2349 777 2372 massam
795 2347 947 2376 auream,
965 2346 1072 2380 quam
1093 2336 1151 2369 ille
1174 2336 1348 2370 Patricius
1370 2338 1511 2371 domino
1534 2349 1598 2371 suo
1623 2350 1687 2382 pro

308 2410 346 2432 se
364 2397 491 2432 dedit.”
538 2394 670 2431 Vereor
688 2406 730 2429 ne
748 2394 851 2429 fidem
869 2393 976 2427 etiam
993 2393 1093 2429 fallat
1109 2394 1148 2438 in
1164 2394 1230 2429 hoc
1247 2395 1439 2440 antiquitas
1454 2405 1464 2436 3
1491 2407 1572 2430 nam
1591 2394 1688 2441 Sige-

972 2453 993 2484 2
1014 2459 1040 2483 D
