2060 2848
340 319 403 352 2396
635 297 638 300 ⁴
725 319 956 371 HISTORIA
981 319 1354 353 ECCLESIASTICA

391 414 572 448 Scribebat
590 425 684 448 anno
704 423 970 449 Mccccxcvn.

700 511 993 547 GILBERTUS
1019 511 1042 545 J
1044 511 1137 546 OSE
1145 512 1244 546 PHI.
1298 514 1320 548 7
1322 513 1370 548 47
1372 536 1381 545 .

341 587 578 621 GILBERTUS
596 587 620 621 J
622 587 743 632 osephi
761 587 858 621 haud
876 586 1080 621 affirmarim
1099 597 1145 620 an
1163 585 1289 620 Scotus
1307 586 1366 626 sit,
1387 585 1424 619 in
1443 586 1601 631 ejusdem
1615 591 1734 620 tamen

342 645 573 679 bibliothecae
592 645 785 689 Cuprensis
803 644 920 678 indice
937 644 1114 688 reperitur
1131 643 1313 688 scripsisse

490 702 601 747 Cupri
620 701 885 736 successionem
1231 699 1291 733 lib.
1314 708 1338 732 Ι.

342 761 375 794 N
379 772 426 800 ec,
446 772 517 805 quo
534 765 692 805 tempore
712 759 856 798 vixerit,
874 758 1101 803 deprehendi.

621 854 1020 891 BONAVENTURA
1047 855 1321 890 IRLANDUS.
1376 858 1460 893 748.

341 939 359 952 ·“
379 933 704 966 BONAVENTURA
722 929 900 970 Irlandus,
914 930 1060 976 juvenis
1078 930 1336 971 doctissimus,”
1362 931 1413 965 ait
1437 930 1594 977 Scaliger
1614 931 1738 977 junior

340 992 376 1024 in
395 989 614 1024 Posthumis.
667 988 830 1033 Scripsit,
850 988 894 1021 ad
913 987 1144 1034 Scaligerum,

486 1047 739 1081 Dubitationes
758 1045 982 1080 doctissimas
1230 1045 1291 1080 lib.
1314 1055 1338 1079 1.

390 1105 491 1139 Vixit
510 1105 548 1138 in
567 1103 716 1138 Batavis
735 1114 829 1137 anno
849 1111 1044 1136 MDLxxv.

873 1201 896 1235 J
899 1200 1052 1236 OHEL.
1107 1204 1129 1239 7
1131 1203 1190 1239 49.

337 1280 488 1319 JOHEL,
519 1277 555 1311 S.
587 1276 712 1311 Jacobi
742 1275 1012 1320 Herbipolensis
1038 1276 1147 1310 abbas
1174 1285 1266 1310 XIII.
1295 1277 1362 1311 sub
1388 1276 1535 1311 Andrea
1561 1277 1735 1322 episcopo,

340 1337 492 1382 scripsit,
511 1346 592 1370 cum
610 1334 726 1369 adhuc
744 1332 939 1367 monachus
958 1338 1061 1373 esset,

486 1393 541 1427 De
559 1392 660 1426 Bello
678 1392 723 1425 ad
740 1390 919 1424 Acconem
937 1394 1039 1436 gesto
1227 1391 1287 1426 lib.
1309 1401 1335 1426 Ι.
1388 1391 1503 1426 Extat
1534 1391 1612 1426 MS.
1644 1393 1737 1436 apud

533 1450 686 1484 Paulum
705 1448 907 1488 Petavium,
926 1452 1125 1482 senatorem
1145 1448 1394 1484 parisiensem.

387 1509 486 1543 Obiit
505 1519 598 1542 anno
618 1515 853 1541 Meexcvln.

815 1621 851 1655 S.
880 1619 1123 1656 JOANNES.
1178 1624 1259 1659 750.

339 1741 374 1775 S.
393 1740 415 1773 J
420 1747 597 1778 OANNEs‚
615 1737 913 1772 Wintchelsensis
931 1736 1125 1771 monachus
1143 1737 1181 1771 in
1199 1737 1345 1784 Anglia,
1365 1739 1403 1772 in
1423 1738 1542 1773 Scotia
1559 1742 1676 1776 natus.
1703 1744 1737 1773 et

338 1797 452 1832 Scotis
471 1795 689 1841 parentibus,
718 1794 934 1829 monasterio
951 1794 1004 1828 illi
1022 1793 1224 1841 Anglicano
1241 1796 1408 1836 traditus,
1434 1801 1476 1830 ut
1498 1796 1541 1830 de
1566 1796 1602 1830 S.
1628 1797 1737 1831 Boni-

339 1855 430 1890 facio
448 1854 554 1889 Scoto
571 1853 658 1893 dixi,
677 1853 789 1887 eidem
810 1851 997 1887 Bonifacio
1020 1852 1263 1898 peregrinanti
1289 1852 1442 1888 Romam
1467 1864 1583 1888 comes
1609 1853 1738 1888 adhae-

340 1914 408 1954 sit3
437 1918 515 1947 tum
541 1916 563 1931 “
580 1911 865 1955 archiepiscopus
884 1909 1182 1955 Saltzburgensis‚
1209 1914 1244 1944 et
1262 1910 1475 1956 generaliter
1493 1911 1652 1945 omnium
1672 1912 1739 1945 cir-

340 1969 616 2016 cumjacentium
658 1967 945 2013 provinciarum”
982 1966 1106 2011 (verba
1140 1974 1225 2001 sunt
1258 1967 1283 2002 J
1284 1969 1410 2002 oannis
1445 1968 1639 2003 Trithemii
1674 1969 1734 2004 lib.

341 2037 394 2061 Ν.
414 2028 457 2061 de
475 2027 574 2061 Viris
591 2026 760 2060 illustrib.
781 2025 908 2060 Ordin.
928 2025 963 2059 S.
983 2025 1168 2059 Benedicti
1192 2037 1268 2071 cap.
1288 2027 1367 2072 CV.)
1395 2031 1417 2045 ‘⁵
1435 2026 1628 2061 autoritate
1654 2038 1737 2071 apo—

340 2086 463 2120 stolica
476 2085 673 2125 ordinatus,
689 2083 896 2128 praedicans
911 2082 1015 2117 fidem
1029 2082 1166 2117 Christi
1183 2083 1351 2130 gentibus
1369 2084 1439 2118 illis
1454 2084 1585 2118 multos
1599 2085 1645 2118 ad
1659 2086 1737 2118 uni-

341 2148 451 2177 tatem
490 2142 693 2177 Catholicae
727 2141 891 2176 ecclesiae
925 2142 1168 2187 congregavit,
1209 2140 1280 2176 fuit
1315 2141 1409 2176 enim
1445 2142 1569 2176 doctus
1601 2142 1668 2182 vir,
1703 2148 1737 2176 et

343 2200 545 2235 excellens.”
596 2200 747 2245 Scripsit

488 2257 671 2302 Epistolas
690 2258 735 2291 ad
752 2257 980 2292 Bonifacium
998 2257 1211 2303 magistrum
1380 2257 1441 2291 lib.
1464 2267 1488 2291 1.

491 2314 770 2349 Exhortationes
789 2315 833 2349 ad
851 2313 1121 2350 Gesodunenses
1376 2315 1437 2349 lib.
1457 2324 1485 2351 1.
1509 2314 1601 2349 Sunt
1615 2316 1737 2359 populi

512 2379 515 2382 ’
540 2371 753 2407 Germaniae
782 2372 975 2418 superioris
1002 2372 1110 2408 vicini
1141 2372 1366 2419 Saltzburgo,
1395 2373 1491 2416 quod
1517 2372 1602 2407 olim
1629 2372 1739 2407 Geso-

541 2430 688 2465 dunum.
