2060 2848
407 343 471 374 464
791 344 1025 377 HISTORIA
1049 344 1422 378 ECCLESIASTICA

409 449 591 472 summum
623 438 810 473 futurum:
841 440 980 473 utinam
1007 443 1150 474 tantum
1179 440 1263 474 boni
1290 440 1521 474 Christianae
1548 440 1599 474 rei
1625 445 1660 474 et
1686 440 1802 474 litera-

412 496 485 529 riae
504 496 698 543 contingat.
750 496 886 531 Versus
904 501 987 531 sunt
1003 507 1012 531 z

674 596 719 624 Te
732 606 895 634 quanquam
909 596 1082 625 immeritam
1096 597 1175 629 ferit,
1189 607 1206 625 o
1219 597 1328 635 regina,
1342 597 1460 630 securis,

708 643 866 681 Regalique
880 649 964 672 tuum
978 644 1067 672 funus
1080 644 1185 672 honore
1199 649 1286 677 caret,

672 690 754 719 Sorte
769 696 820 718 tua
834 690 937 728 gaude,
952 701 1082 719 moerens
1095 701 1189 729 neque
1205 691 1299 719 Scotia
1314 690 1428 728 ploret3

707 737 753 765 En
769 738 821 766 tibi
837 747 948 776 pompa,
964 743 1029 766 tuas
1043 748 1116 776 quae
1130 737 1212 766 decet
1227 737 1370 775 exequias.

669 784 744 812 Nam
759 785 812 813 tibi
828 794 883 812 non
898 784 991 822 paries
1006 790 1068 812 atro
1080 784 1194 812 velatur
1208 784 1325 817 amictu,

707 831 766 859 Sed
781 837 871 860 terras
885 831 990 859 circum
1005 841 1063 859 nox
1076 832 1227 860 tenebrosa
1241 832 1331 868 tegit:

672 878 739 906 Non
754 878 807 906 tibi
822 879 965 907 contextis
978 878 1077 907 lucent
1091 878 1202 907 funalia
1215 878 1312 916 lignis,

707 925 765 953 Sed
779 926 849 954 coeli
864 925 981 954 stellae:
1005 926 1107 954 naenia
1121 926 1212 954 tristis
1227 926 1317 960 abest,

665 972 721 1001 Sed
736 974 813 1001 canit
827 973 863 1001 ad
876 973 1016 1002 feretrum
1030 983 1166 1011 superum
1181 973 1283 1001 chorus
1297 972 1395 1011 aliger,
1410 977 1440 1001 et
1454 982 1510 1007 me,

708 1021 833 1050 Coelesti
848 1021 989 1059 incipiens
1002 1030 1080 1055 voce,
1095 1020 1179 1049 silere
1190 1020 1283 1058 jubet.

450 1118 616 1152 Alterum
635 1123 688 1152 est
706 1118 730 1152 J
732 1118 856 1152 oannis
876 1117 1093 1162 Dempsteri,
1113 1117 1373 1151 bibliothecarii
1387 1116 1528 1158 Veneti,
1548 1118 1691 1164 gentilis
1711 1120 1798 1154 mei:

663 1230 791 1267 Regibus
806 1234 876 1260 orta,
891 1228 957 1257 dedi
972 1238 1063 1268 reges,
1078 1228 1235 1266 reginaque
1248 1228 1319 1261 vixi,

661 1277 720 1305 Ter
734 1277 830 1315 nupsi,
850 1276 943 1304 tribus
957 1276 1023 1304 orba
1037 1276 1115 1309 viris,
1130 1276 1186 1304 tria
1200 1285 1288 1313 regna
1302 1275 1405 1314 reliqui
1415 1287 1425 1310 ‚-

660 1323 764 1352 Gallus
778 1333 855 1362 opes,
875 1323 978 1351 Scotus
991 1333 1088 1356 cunas,
1104 1322 1184 1352 dedit
1200 1323 1295 1361 Angla
1309 1323 1501 1361 sepulchrum.

447 1421 624 1455 Omnibus
644 1424 793 1453 naturae
811 1419 1046 1464 fortunaeque
1065 1420 1208 1454 dotibus
1235 1420 1513 1454 instructissima
1539 1421 1714 1466 princeps,
1742 1422 1796 1456 in-

398 1484 451 1514 ter
469 1479 624 1525 Angliae
644 1489 745 1523 reges
773 1478 817 1511 ad
835 1477 1197 1511 westmonasterium
1224 1478 1536 1522 sumptuosissimo
1562 1481 1703 1513 tumulo
1727 1481 1795 1514 col-

397 1539 521 1576 locata,
548 1536 656 1570 habet
690 1536 758 1569 alia
783 1536 976 1579 epitaphia,
1003 1536 1064 1569 sed
1090 1535 1212 1579 inepta
1238 1540 1273 1569 et
1299 1535 1460 1576 ridicula,
1488 1547 1579 1580 quae
1606 1537 1697 1571 tanti
1721 1549 1793 1572 non

399 1600 494 1634 sunt,
513 1599 554 1628 ut
572 1594 629 1628 hic
646 1598 836 1638 ponantur.
886 1592 1034 1637 Scripsit

545 1652 715 1686 Carmina
733 1651 873 1690 Latine,
891 1650 1037 1690 Gallice,
1057 1649 1202 1690 Scotice,
1222 1651 1322 1684 varia
1340 1655 1374 1684 et
1393 1651 1601 1692 cultissima,
1642 1652 1703 1686 lib.
1725 1662 1748 1686 1.

544 1709 831 1743 Consolationem
851 1709 1042 1742 diuturnae
1060 1720 1144 1742 suae
1163 1713 1197 1742 et
1216 1709 1360 1752 iniquae
1378 1708 1570 1742 Custodiae
1642 1710 1703 1743 lib.
1725 1719 1748 1743 1.

543 1766 725 1811 Epistolas
755 1767 799 1799 ad
826 1765 961 1811 Regem
989 1766 1114 1806 filium,
1141 1766 1275 1812 Regem
1304 1765 1513 1806 Galliarum,
1540 1767 1684 1802 Guisios
1711 1780 1790 1802 con-

592 1825 806 1870 sanguineos
833 1835 926 1863 suoe,
955 1823 1204 1858 Elizabetham
1232 1824 1433 1869 Anglicam,
1460 1824 1634 1868 perfidum
1660 1837 1789 1871 propu-

592 1882 690 1915 dium
711 1893 750 1915 ac
767 1881 1018 1925 prostibulum,
1050 1881 1110 1915 lib.
1140 1891 1165 1915 Ι.
1192 1893 1343 1926 quarum
1372 1883 1560 1916 nonnullas
1587 1882 1788 1918 Camdenus

592 1939 794 1973 Annalibus
813 1939 887 1973 suis
906 1939 1067 1974 inseruit.

544 1998 685 2032 Monita
703 1998 836 2043 regalia
854 1997 897 2030 ad
917 1997 1051 2031 Filium
1287 1998 1347 2031 lib.
1369 2008 1393 2032 Ι.

443 2058 553 2091 Passa
571 2061 624 2090 est
650 2055 864 2099 martyrium
892 2055 948 2088 die
974 2064 1095 2089 XVIII.
1115 2055 1302 2089 Februarii
1329 2067 1421 2089 anno
1450 2064 1711 2091 MDLXXXVH.
1739 2057 1787 2092 fe-

393 2116 489 2149 mina
507 2115 602 2148 coelo
628 2113 848 2159 dignissima,
875 2117 916 2146 ut
942 2124 1032 2157 quae
1058 2124 1179 2147 omnes
1206 2113 1342 2147 Christi
1368 2118 1543 2158 martyres
1569 2115 1786 2159 captivitatis

398 2173 570 2218 supplicio
588 2173 692 2217 longe
718 2171 925 2215 superavit3
953 2182 1067 2216 neque
1093 2171 1187 2205 enim
1210 2172 1304 2205 ullus
1330 2177 1469 2216 martyr
1495 2180 1583 2205 XIX.
1611 2183 1785 2206 annorum

394 2232 591 2275 squalorem
625 2241 665 2263 ac
696 2230 859 2263 hostilem
892 2229 1089 2263 custodiam
1121 2229 1242 2262 sensit.
1306 2228 1428 2263 Audio
1458 2240 1547 2268 ossa,
1579 2230 1624 2262 ad
1657 2241 1784 2275 regum

391 2289 592 2333 Anglorum
611 2288 828 2330 sepulturam
850 2286 1209 2320 Westmonasterium
1229 2287 1415 2326 translata,
1442 2287 1621 2320 miraculis
1639 2288 1781 2322 clarere.

394 2346 591 2390 Martyrem
611 2350 721 2378 vocat
734 2344 896 2379 Historia
914 2344 1049 2378 Gallica
1067 2343 1166 2377 Petri
1186 2344 1362 2377 Matthaei
1380 2349 1466 2378 tom.
1487 2353 1529 2378 11.
1548 2344 1608 2379 lib.
1628 2354 1682 2378 VI.
1702 2356 1781 2379 nar-

393 2408 460 2438 rat.
482 2412 523 2436 11.
544 2414 587 2437 ex
606 2404 722 2437 libello
742 2402 892 2447 supplici
911 2402 1176 2436 Catholicorum
1194 2401 1407 2447 Anglorum.
