2060 2848
396 313 460 345 592
781 312 1015 346 HISTORIA
1039 313 1414 347 ECCLESIASTICA

708 405 1036 443 ALEXANDER
1061 407 1325 443 SETONIUS.
1379 407 1487 444 1066.

401 463 674 498 Αῐ,ΕΧΑΝΙ)ΕΒ
701 464 880 506 Setonius‚
910 465 1099 511 toparchae
1125 465 1259 500 Setonii
1286 466 1391 507 filius,
1419 466 1546 501 Fiviae
1572 467 1669 508 baro,
1696 468 1795 503 Dun-

400 520 579 556 fermelini
607 533 734 562 comes,
760 522 799 556 in
824 521 951 557 Galliis
978 522 1153 567 Italiaque
1182 514 1331 569 egregie*
1355 535 1395 558 ac
1425 524 1577 558 feliciter
1601 525 1726 569 pietati
1755 537 1795 559 ac

400 579 527 613 virtuti
546 579 710 620 studuit;
737 591 826 624 quas
844 584 968 624 postea
985 591 1150 624 supremo
1168 581 1206 614 in
1224 580 1344 615 Scotia
1361 582 1561 616 cancellarii
1579 580 1794 628 magistratu

399 636 502 670 annis
515 647 628 681 paene
641 637 794 683 triginta
807 637 965 671 maxima
982 637 1202 683 integritatis
1215 638 1311 672 fama
1325 633 1496 680 exercuit,
1516 639 1574 673 vir
1586 639 1680 674 bono
1693 642 1794 686 regni

402 699 519 729 natus,
572 694 734 740 Scripsit,
753 699 788 729 et
807 695 945 728 Romae
962 695 1227 738 pronunciavit,

544 751 735 786 Orationes
753 752 958 786 solennibus
978 751 1115 795 aliquot
1133 751 1251 785 Festis
1270 763 1388 786 coram
1412 752 1585 788 Pontifice
1609 758 1645 788 et
1671 754 1796 789 Cardi-

594 809 735 843 nalibus
752 809 1006 853 pronunciatas
1026 808 1064 841 in
1083 807 1218 843 Sacello
1238 808 1425 846 Pontificio
1442 810 1504 843 lib.
1525 819 1550 843 1.

447 867 663 901 Prodierunt
681 865 829 906 Romae,
848 870 884 900 et
902 865 1051 900 Parisiis
1069 866 1184 899 multa
1204 864 1386 912 [scripsit]
1406 866 1444 900 in
1458 871 1610 912 utroque
1619 868 1714 914 jure,
1733 871 1794 903 sed

397 936 469 959 non
484 924 605 958 edidit.
1432 957 1436 960 ,

445 982 547 1016 Obiit
565 982 602 1015 in
621 981 740 1016 Scotia
753 993 849 1016 anuo
862 990 1077 1016 MDexxnI.
1093 981 1268 1026 singulari
1280 981 1319 1014 in
1332 981 1516 1016 Catholica
1529 983 1701 1029 religione
1715 995 1794 1029 pro-

398 1040 539 1080 fitenda,
558 1040 665 1074 etiam
685 1040 780 1073 inter
797 1039 1057 1073 haereticorum
1075 1039 1202 1078 minas,
1222 1038 1332 1073 animi
1350 1040 1564 1080 constantia,
1583 1047 1619 1075 et
1637 1042 1794 1075 maximo

398 1098 442 1131 ad
474 1097 741 1131 Catholicorum
766 1097 1069 1141 perseverantiam
1095 1097 1268 1140 exemplo,
1295 1100 1440 1130 senatus
1467 1102 1585 1141 caput,
1618 1098 1793 1133 bonorum

396 1156 587 1195 corculum,
615 1165 655 1188 ac
672 1154 845 1188 Zaleucus
863 1155 964 1188 alter.
1017 1153 1140 1199 Hujus
1159 1153 1272 1187 vitam
1297 1153 1439 1197 scripsit
1466 1153 1666 1189 Gulielmus
1693 1155 1792 1190 Seto-

396 1213 489 1252 nius,
506 1211 540 1246 J.
560 1211 599 1246 C.
616 1210 817 1246 Alexandri
835 1211 1131 1257 consanguineus,
1158 1214 1194 1245 et
1212 1210 1296 1243 olim
1315 1209 1515 1252 familiaris,
1541 1223 1650 1256 quam
1668 1223 1795 1258 prope·

397 1270 490 1304 diem
509 1269 716 1313 publicabit.

725 1367 949 1419 JACOBUS
975 1366 1228 1402 SETONIUS
1255 1366 1295 1401 Ρ.
1351 1366 1457 1405 1067.

398 1442 421 1476 J
425 1451 580 1477 ACOBUS
598 1443 775 1484 Setonius‚
793 1454 838 1477 ex
861 1443 975 1476 milite
998 1442 1153 1477 cohortis
1179 1443 1378 1486 praetoriae
1404 1441 1572 1483 Scoticae,
1598 1455 1691 1489 quae
1716 1447 1791 1492 regi

395 1501 594 1535 Galliarum
612 1501 759 1541 assistit,
782 1501 898 1536 factus
925 1500 1087 1534 sacerdos
1114 1499 1223 1533 miros
1250 1499 1290 1533 in
1314 1499 1428 1534 literis
1455 1500 1555 1535 brevi
1581 1512 1790 1548 progressus

396 1559 500 1599 fecit;
526 1559 583 1592 vir
600 1559 682 1603 pius
699 1569 740 1593 ac
756 1559 956 1604 religiosuS,
975 1558 1155 1602 inculpata
1173 1556 1259 1596 vita,
1278 1555 1457 1601 profunda
1475 1557 1676 1594 eruditione
1694 1561 1791 1596 nobi-

395 1616 530 1652 litatus.
583 1615 734 1661 Scripsit
1069 1651 1072 1654 ,
1642 1652 1645 1653 ⁷

543 1673 598 1708 De
610 1673 699 1708 Vita
713 1671 966 1708 Ministrorum
985 1672 1172 1707 Scotorum
1190 1684 1211 1706 a
1229 1672 1253 1704 J
1255 1683 1368 1707 oanne
1387 1672 1531 1708 Knoxio
1549 1674 1587 1708 in
1605 1674 1690 1709 haec
1704 1681 1792 1710 tem-

594 1742 682 1775 pora
1189 1754 1191 1756 -
1339 1730 1400 1764 lib.
1420 1739 1445 1764 Ι.

544 1789 600 1822 De
617 1800 740 1823 eorum
759 1789 913 1834 Synodis
931 1794 966 1823 et
984 1788 1146 1822 Decretis
1336 1787 1396 1821 lib.
1419 1797 1443 1821 1.

544 1846 600 1879 De
617 1845 945 1881 Constitutionibus
964 1845 1144 1879 Ecclesiae
1161 1844 1319 1878 Scoticae
1336 1844 1396 1879 lib.
1419 1854 1443 1878 1.

542 1903 598 1937 De
609 1904 713 1949 gravi
726 1903 981 1938 Controversia
994 1902 1096 1936 Fidei
1110 1902 1204 1936 inter
1219 1901 1407 1936 Ministros
1421 1907 1456 1937 et
1471 1902 1669 1949 Episcopos
1688 1905 1747 1940 lib.
1764 1916 1788 1941 1.

545 1960 599 1995 De
617 1960 853 1995 Ordinatione
871 1960 1124 1994 Ministrorum
1337 1959 1398 1994 lib.
1418 1970 1443 1994 1.

543 2018 596 2052 De
615 2019 850 2053 Ordinatione
868 2017 1130 2062 Episcoporuln
1336 2017 1397 2052 lib.
1418 2027 1443 2052 1.

594 2077 713 2120 Opera
731 2087 803 2110 non
827 2076 913 2116 vidi,
940 2080 976 2109 et
1001 2086 1076 2114 nec,
1103 2085 1148 2108 an
1174 2075 1384 2118 prodierint,
1412 2087 1477 2120 pro
1504 2081 1599 2111 certo
1617 2078 1790 2113 affirmare

595 2133 750 2178 possim:
777 2131 943 2166 elenchus
961 2136 1082 2166 tamen
1099 2131 1168 2166 iste
1185 2132 1223 2166 in
1241 2143 1368 2167 manus
1386 2144 1484 2168 meas
1504 2135 1614 2169 venit.

446 2191 546 2225 Obiit
564 2189 786 2234 Antverpiae
803 2189 870 2223 hoc
887 2189 965 2234 ipso
983 2200 1076 2223 anno
1095 2201 1166 2233 quo
1183 2190 1270 2224 haec
1288 2190 1493 2232 scribebam,
1514 2200 1677 2226 MDcxx.

691 2287 908 2323 THOMAS
933 2287 1222 2323 SANDALIUS
1248 2289 1330 2324 AB.
1386 2288 1492 2324 1068.

398 2361 576 2395 THOMAS
620 2360 808 2395 Sandalius
853 2360 1125 2396 Cisterciensem
1168 2364 1382 2398 monachum
1430 2364 1467 2398 in
1519 2364 1686 2411 Kyntyre
1738 2367 1791 2399 in-

395 2419 495 2459 duit3
553 2429 754 2465 magnaque
808 2419 904 2454 vitae
955 2420 1165 2455 austeritate
1219 2425 1253 2455 et
1303 2421 1533 2462 continentia,
1589 2422 1791 2458 celebratis-
