2060 2848
664 340 839 376 GENTIS
862 342 1138 381 SCOTORUM,
1164 343 1252 376 LIB.
1277 343 1371 376 XVI.
1650 345 1714 378 559

386 443 408 458 “
422 438 533 472 Porro
551 436 819 472 Machliniensis
832 436 957 471 civitas
969 436 1099 470 retinet
1112 436 1205 480 apud
1220 436 1340 471 Gallos
1354 437 1540 481 antiquum
1556 437 1709 471 Malinae

336 505 475 534 nomen,
487 504 578 538 quae
591 503 661 527 vox
672 492 813 529 Latinis
827 494 865 527 in
877 503 947 526 usu
959 492 1040 533 fuit,
1053 493 1196 537 quando
1206 493 1315 537 Lyra,
1329 493 1486 527 vicinum
1498 492 1710 528 Brabantiae

335 551 517 596 oppidum,
532 550 629 584 Ledo
643 549 847 591 dicebatur3
866 549 964 584 Ledo
977 549 1071 583 enim
1085 553 1121 582 et
1133 548 1270 582 Mailna
1281 549 1450 595 leguntur
1462 560 1528 594 pro
1540 550 1646 583 maris
1661 562 1713 584 ac-

335 618 436 641 cessu
451 612 486 641 et
504 617 642 642 recessu
660 607 698 640 in
718 606 925 651 Appendice
950 607 995 640 ad
1017 610 1103 640 tom.
1123 613 1191 639 111:
1210 605 1296 639 Divi
1319 606 1516 652 Augustini
1543 607 1580 640 in
1602 607 1660 641 lib.
1689 616 1713 640 1.

335 664 378 697 de
395 663 621 697 Mirabilibus
638 662 764 697 Sacrae
781 663 1007 708 Scripturae;
1026 663 1119 697 unde
1136 674 1157 696 a
1170 663 1278 696 maris
1296 662 1396 697 fluxu
1409 663 1493 698 haec
1506 664 1649 698 nomina
1662 665 1715 698 in-

334 720 410 754 dita
442 731 516 755 esse
547 731 619 754 non
650 720 789 755 indocte
829 716 1015 754 annotavit
1046 718 1288 753 Theodoricus
1323 720 1430 754 abbas
1461 720 1715 759 Trudonensis,

334 777 380 811 B.
400 777 573 812 Bet-nardi
591 781 716 817 aetate,
735 788 816 811 cum
833 776 869 811 S.
888 776 1089 811 Remmoldi
1112 776 1223 811 vitam
1247 777 1383 811 meliori
1407 778 1501 822 stylo
1523 778 1715 812 conscribe-

335 834 426 870 ret.”
476 834 575 868 Haec
591 834 653 868 ibi.

384 891 577 926 Civitatem
594 891 686 925 hanc
706 890 992 935 archiepiscopali
1010 889 1117 935 pallio
1140 890 1330 925 honoravit
1351 891 1484 926 Paulus
1503 891 1573 926 111.
1601 892 1641 926 P.
1661 892 1712 926 M.

335 952 477 992 petente
510 948 677 992 Philippo
707 946 756 982 11.
788 947 1045 992 Hispaniarum
1075 959 1169 994 rege,
1199 948 1290 982 circa
1321 959 1453 989 annum
1486 957 1635 982 MDle.
1671 948 1713 983 In

336 1004 401 1039 hac
430 1005 574 1039 basilica
604 1013 678 1038 ΧΗ.
708 1004 924 1049 praebendas
953 1004 1122 1045 instituit,
1152 1009 1188 1039 et
1215 1016 1327 1039 novae
1354 1005 1554 1039 fundationi
1588 1007 1714 1052 adjecit

337 1061 518 1107 Notgerus
560 1060 767 1095 Leodiensis
809 1061 957 1095 antistes
973 1072 983 1101 ;
1026 1073 1110 1096 nam
1152 1073 1192 1096 eo
1234 1063 1350 1096 seculo
1392 1062 1585 1097 Machlinia
1621 1064 1714 1109 juris

335 1117 407 1152 fuit
436 1129 476 1152 ac
505 1118 651 1152 ditionis
680 1117 908 1158 Leodiensis;
940 1123 1047 1162 atque
1077 1118 1128 1152 ita
1155 1119 1194 1152 in
1223 1118 1313 1153 libro
1344 1118 1478 1153 Cursus
1508 1119 1715 1163 Apostolici,

336 1186 399 1209 seu
417 1174 585 1221 Registro
608 1173 846 1209 Cancellariae
864 1174 1058 1215 Romanae,
1084 1175 1225 1210 lectum.
1276 1175 1425 1220 Scripsit
1451 1186 1534 1210 vero
1557 1176 1613 1210 hic
1638 1188 1716 1211 nos-

336 1237 391 1266 ter

484 1288 537 1322 De
555 1288 772 1332 Contemptu
790 1288 919 1322 Mundi
994 1297 995 1300 ’
1026 1289 1028 1291 ’
1218 1288 1278 1323 lib.
1291 1288 1325 1323 ’1.

386 1346 473 1380 Fuit
498 1350 533 1379 et
560 1345 651 1379 alius
677 1344 713 1379 S.
739 1344 939 1379 Rumoldus
964 1345 1040 1380 sive
1066 1345 1270 1386 Remoldus,
1296 1346 1489 1380 monachus
1511 1351 1546 1380 et
1569 1353 1716 1392 martyr,

336 1403 438 1449 cujus
460 1402 657 1436 celebratur
674 1402 842 1436 memoria
860 1410 932 1436 vn.
951 1402 999 1436 id.
1017 1402 1041 1436 J
1042 1403 1193 1443 anuarii,
1210 1399 1246 1437 et
1263 1403 1386 1437 recolit
1407 1402 1431 1436 J
1433 1414 1511 1437 oan.
1537 1403 1715 1438 Trithem-

336 1461 392 1494 ius
410 1459 471 1494 lib.
491 1468 551 1493 111.
570 1459 614 1494 de
631 1458 710 1494 Vir.
728 1459 858 1493 illustr.
877 1459 1002 1493 Ordin.
1021 1459 1058 1494 S.
1082 1459 1267 1494 Benedicti
1292 1470 1368 1505 cap.
1388 1469 1554 1494 ccxmx.
1578 1462 1637 1494 sed
1664 1462 1716 1495 di-

337 1528 460 1551 versus
478 1528 500 1551 a
516 1520 648 1557 nostro,
666 1517 768 1562 cujus
786 1516 824 1550 in
841 1517 1029 1551 annalibus
1054 1521 1118 1551 aut
1141 1517 1300 1551 historiis
1317 1517 1535 1551 nostratibus
1553 1528 1623 1552 non
1641 1518 1713 1552 fieri

336 1574 552 1608 mentionem
569 1574 747 1619 indignor.

387 1631 519 1666 Passus
546 1635 601 1665 est
627 1630 841 1675 martyrium
870 1641 964 1665 anno
993 1639 1209 1664 DCCLxxn.
1239 1634 1280 1664 ut
1305 1630 1410 1665 habet
1441 1632 1613 1666 sententia
1639 1644 1715 1676 pro-

339 1688 500 1723 babilior.
552 1687 691 1723 Colitur
706 1687 764 1721 die
782 1696 807 1721 1.
825 1687 849 1721 J
851 1688 924 1722 ulii.
975 1687 1223 1722 Calendarium
1241 1687 1372 1722 Adami
1391 1687 1507 1734 Regii.

574 1801 617 1835 B.
645 1800 860 1835 THOMAS
885 1800 1255 1837 ROBERTSONUS
1282 1802 1322 1835 P.
1378 1803 1483 1836 1045.

341 1916 384 1949 Β.
412 1915 589 1949 THOMAS
615 1914 869 1954 Robertsonus,
900 1914 995 1948 vitae
1020 1914 1220 1958 inculpatae
1245 1915 1416 1955 sacerdos,
1442 1915 1654 1949 turbulentis
1680 1918 1717 1950 in

340 1972 459 2006 Scotia
480 1971 637 2005 moribus
663 1971 795 2005 exortis
818 1971 997 2015 praeclara
1021 1970 1100 2005 fidei
1124 1970 1351 2005 confessionis
1376 1972 1585 2005 documenta
1607 1972 1714 2011 dedit,

340 2030 433 2063 inter
451 2027 607 2062 Scoticae
632 2027 794 2061 ecclesiae
819 2032 993 2073 martyres
1011 2028 1095 2073 jure
1116 2028 1377 2068 numerandus3
1404 2039 1486 2062 nam
1510 2039 1589 2061 cum
1616 2028 1716 2063 Glas-

340 2097 425 2119 cuae
442 2095 581 2119 sacrum
599 2084 731 2118 Missae
748 2084 957 2118 sacrificium
975 2089 1168 2130 perageret,
1186 2095 1208 2118 a
1225 2083 1365 2118 Barone
1382 2084 1509 2118 Boidio
1523 2085 1715 2128 deprehen-

340 2154 411 2182 sus,
443 2142 616 2176 violenter
645 2152 777 2181 caesus,
807 2152 942 2176 carcere
967 2141 1198 2176 foetidissimo
1226 2147 1434 2181 maceratus,
1464 2141 1606 2175 tandem
1637 2153 1715 2176 con-

342 2199 473 2233 stantia
490 2209 571 2232 vere
589 2197 791 2232 Christiana
808 2197 935 2242 impias
953 2198 1209 2232 haereticorum
1226 2197 1479 2231 insanientium
1496 2199 1609 2232 minas
1635 2210 1715 2233 con-

342 2259 524 2294 temneret,
543 2255 580 2288 in
597 2254 713 2288 forum
731 2259 865 2298 raptus,
883 2258 918 2288 et
935 2255 1094 2299 patibulo
1111 2265 1312 2298 suspensus,
1330 2255 1601 2289 sacerdotalibus
1615 2256 1716 2289 indu·⁴

342 2319 401 2347 tus
419 2311 633 2346 ornamentis
655 2311 797 2345 beatum
822 2310 927 2345 finem
952 2312 1099 2345 sortitus
1124 2316 1188 2351 est,
1215 2311 1434 2346 vestimentis
1460 2311 1622 2347 omnibus
1646 2312 1714 2346 illis

343 2369 416 2415 igni
434 2372 612 2402 exstructo
629 2378 709 2401 cum
726 2378 869 2411 corpore
886 2367 988 2402 beato
1005 2367 1154 2413 injectis.
1205 2367 1352 2412 Scripsit
