2060 2848
436 451 939 507 HISTORIAE
982 452 1749 509 ECCLESIASTICAE

728 565 1011 615 GENTIS
1049 565 1452 615 SCOTORUM

927 686 1113 727 LIBER
1142 687 1258 729 XIX.

674 821 709 856 S.
736 819 1089 855 WENDELINUS
1114 821 1197 856 AB.
1225 821 1271 856 R.
1299 822 1342 856 F.
1397 823 1505 858 1153.

392 911 427 945 S.
446 911 754 949 Wnnnnmxus,
779 909 978 944 Teloiensis
997 909 1116 951 abbas,
1142 910 1303 945 Mordaci
1322 911 1417 957 regis
1435 910 1542 951 filius,
1559 915 1641 956 post
1658 913 1790 947 multas

390 968 693 1015 peregrinationes
723 966 890 1001 Teloium
921 967 1022 1001 venit
1052 968 1096 1001 ad
1124 968 1383 1002 monasterium
1409 967 1446 1002 S.
1474 967 1653 1009 Mauritii,
1684 971 1741 1004 cui
1772 982 1792 1004 a

391 1026 427 1061 S.
448 1026 625 1061 Pirminio
641 1024 853 1071 praefectus,
872 1025 1095 1059 sanctissime
1113 1024 1207 1059 vixit
1224 1025 1396 1070 obiitque.
1448 1024 1565 1070 Super
1581 1026 1715 1062 conditi
1740 1038 1793 1062 se—

389 1084 578 1129 pulchrum
596 1082 733 1129 ingenti
751 1082 896 1116 basilica
913 1086 1060 1122 structa,
1079 1093 1209 1129 magno
1226 1083 1350 1127 populi
1368 1083 1488 1117 devoti
1507 1094 1681 1118 concursu
1705 1086 1791 1119 civi-

389 1147 444 1176 tas
462 1141 567 1181 facta,
585 1151 715 1175 nomen
733 1140 841 1173 etiam
859 1139 964 1173 hodie
977 1139 1119 1174 retinet.
1164 1139 1292 1174 Franc.
1308 1139 1435 1174 Irenic.
1450 1139 1604 1187 Exeges.
1620 1139 1788 1176 German.

389 1200 449 1233 lib.
476 1207 533 1232 XI.
562 1197 659 1233 Petr.
687 1197 911 1241 Cratepolius
937 1197 981 1230 de
1006 1195 1176 1242 Episcop.
1195 1196 1365 1231 German.
1386 1197 1575 1232 Herebert.
1594 1197 1787 1243 Rosweyd.

390 1256 520 1303 Georg.
536 1255 732 1295 Garnefelt‚
743 1259 779 1288 et
793 1254 865 1288 alii.
896 1253 1024 1287 Altum
1039 1258 1093 1288 est
1104 1255 1199 1299 apud
1213 1259 1390 1289 nostrates
1404 1255 1595 1299 scriptores
1607 1255 1789 1290 silentium

388 1315 430 1348 de
449 1325 500 1348 co.
554 1313 722 1347 Meminit
740 1322 940 1357 anonymus
958 1316 1083 1346 auctor
1101 1311 1247 1346 Oraculi
1269 1311 1524 1347 Anachoretici
1550 1313 1611 1347 lib.
1631 1320 1685 1348 lv,
1710 1324 1786 1359 cap.

386 1381 456 1405 XX.

690 1434 882 1472 Wendelinus
896 1447 957 1471 erat
973 1441 1121 1471 Scotorum
1136 1451 1152 1470 e
1166 1442 1307 1481 sanguine
1320 1452 1431 1481 regum,

727 1489 767 1518 Et
780 1490 899 1527 sanguis
912 1499 1013 1527 regum
1027 1494 1130 1527 sponte
1144 1490 1261 1528 regebat
1275 1499 1362 1518 oves:

690 1537 757 1566 Post
770 1537 900 1566 homines
912 1537 998 1570 rexit,
1013 1546 1085 1574 quos
1098 1543 1197 1565 sancta
1210 1537 1329 1566 tenebat
1343 1547 1473 1572 eremus;

727 1584 804 1612 Urbs
817 1593 941 1622 quoque,
956 1593 1034 1612 nunc
1047 1584 1135 1621 hujus
1149 1584 1264 1613 nomine
1278 1584 1365 1619 dicta,
1379 1590 1485 1613 manet.

435 1660 584 1705 Scripsit
602 1670 687 1693 vero
705 1658 762 1692 vir
776 1656 1022 1692 sanctissimus

533 1717 709 1763 Regulam
728 1716 960 1750 monasticam
980 1716 1040 1750 lib.
1061 1725 1087 1750 1.
1106 1727 1214 1761 quam
1233 1716 1340 1750 audio
1359 1716 1490 1750 ibidem
1509 1719 1684 1751 asservari
1704 1718 1782 1752 MS.

435 1775 569 1809 Omnes
587 1785 676 1819 quos
695 1774 753 1808 hic
770 1773 926 1814 laudavi,
945 1773 1076 1808 diserte
1094 1773 1240 1808 Scotum
1258 1774 1393 1814 dicunt,
1412 1777 1448 1807 et
1464 1778 1648 1818 praeterea
1666 1783 1704 1809 V.
1719 1784 1782 1810 eL.

387 1831 543 1866 Joannes
562 1830 769 1865 Gualterius
793 1830 970 1865 Chronico
994 1829 1252 1865 Chronicorum
1271 1835 1357 1865 tom.
1378 1839 1438 1865 111.
1458 1842 1539 1877 pag.
1560 1839 1781 1867 MCCCCLvl.

387 1895 408 1909 “
425 1889 462 1923 S.
480 1888 715 1923 Wendelinus
733 1899 752 1922 e
770 1887 889 1922 Scotia
906 1899 950 1922 ex
967 1888 1250 1934 praeclarissimo
1267 1889 1430 1934 genere.''
1478 1913 1480 1916 v

434 1947 576 1981 Floruit
594 1957 687 1980 anno
705 1954 890 1980 DCCXXX.
943 1946 1083 1981 Colitur
1106 1946 1151 1980 ab
1174 1947 1319 1980 ecclesia
1341 1946 1419 1992 ejus
1443 1947 1616 1981 memoria
1633 1947 1690 1981 die
1709 1956 1779 1982 xx.

383 2005 559 2044 Octobris,
586 2003 737 2037 Arnold.
757 2002 878 2037 Uvion
897 2004 958 2038 lib.
982 2012 1036 2038 1v.
1060 2003 1169 2050 Ligni
1193 2003 1299 2038 Vitae
1321 2015 1396 2049 cap.
1422 2013 1540 2038 XXIV.
1568 2009 1604 2039 et
1629 2004 1690 2039 lib.
1719 2014 1780 2039 111.

384 2062 541 2107 ejusdem
559 2061 688 2106 *operis
718 2072 800 2108 pag.
827 2069 1018 2096 CCCXLVI.
1046 2062 1103 2096 vel
1128 2061 1185 2095 die
1212 2070 1301 2095 XXI.
1329 2061 1455 2096 Octob.
1483 2061 1642 2097 Usuardi
1667 2062 1781 2097 Addi-

384 2120 497 2153 tiones
525 2119 674 2154 Molani.
726 2118 819 2153 Sunt
845 2119 907 2163 qui
933 2119 1062 2164 putent
1087 2119 1238 2153 eundem
1264 2130 1339 2153 csse
1365 2118 1618 2161 Vandelinum‚
1647 2119 1683 2154 S.
1710 2120 1780 2154 Ar-

384 2177 509 2220 nulphi
541 2176 714 2211 Metensis
745 2176 901 2222 episcopi
931 2176 1091 2216 fratrem,
1123 2176 1252 2210 Franc.
1284 2175 1454 2220 Rozieres
1481 2182 1567 2211 tom.
1596 2185 1638 2211 11.
1666 2176 1780 2212 Stem-

384 2239 469 2268 mat.
502 2232 713 2280 Lotharing.
745 2244 820 2278 cap.
853 2242 984 2268 XLVII.
1018 2233 1241 2268 Trithemius
1272 2234 1333 2268 lib.
1365 2242 1438 2268 vn.
1470 2234 1514 2268 de
1538 2233 1618 2269 Vir.
1648 2234 1778 2268 illustr.

385 2291 509 2325 Ordin.
530 2290 567 2325 S.
587 2291 772 2326 Benedicti
794 2302 870 2336 cap.
890 2299 1038 2325 LXXIX.
1061 2291 1157 2336 quod
1178 2291 1209 2325 si
1233 2294 1446 2332 verum‘est,
1465 2296 1605 2336 oportet
1621 2292 1777 2337 primum

314 2381 319 2386 ,
386 2348 496 2383 fuisse
535 2347 798 2390 'flevit-ensem,
836 2348 964 2384 deinde
1002 2348 1165 2384 abbatem
1206 2348 1442 2389 Teloiensem,
1480 2347 1576 2395 qnod
1614 2359 1685 2383 non
1725 2354 1775 2382 est
