<?xml version="1.0" encoding="UTF-8"?>
<!DOCTYPE html PUBLIC "-//W3C//DTD XHTML 1.0 Transitional//EN"
    "http://www.w3.org/TR/xhtml1/DTD/xhtml1-transitional.dtd">
<html xmlns="http://www.w3.org/1999/xhtml" xml:lang="en" lang="en">
 <head>
  <title>
</title>
<meta http-equiv="Content-Type" content="text/html;charset=utf-8" />
  <meta name='ocr-system' content='tesseract 3.04.00' />
  <meta name='ocr-capabilities' content='ocr_page ocr_carea ocr_par ocr_line ocrx_word'/>
</head>
<body>
  <div class='ocr_page' id='page_1' title='image "./thomaedempster2102dempuoft_0229.png"; bbox 0 0 2060 2848; ppageno 0'>
   <div class='ocr_carea' id='block_1_1' title="bbox 671 326 1713 367">
    <p class='ocr_par' dir='ltr' id='par_1_1' title="bbox 671 326 1713 367">
     <span class='ocr_line' id='line_1_1' title="bbox 671 326 1713 367; baseline 0.001 -6"><span class='ocrx_word' id='word_1_1' title='bbox 671 326 1158 367; x_wconf 63' lang='lat' dir='ltr'><strong>GENTIS·-scom0RUM,·</strong></span> <span class='ocrx_word' id='word_1_2' title='bbox 1171 328 1259 360; x_wconf 85' lang='lat' dir='ltr'><strong>LIB.</strong></span> <span class='ocrx_word' id='word_1_3' title='bbox 1285 329 1381 361; x_wconf 72' lang='lat' dir='ltr'><strong>XVI.</strong></span> <span class='ocrx_word' id='word_1_4' title='bbox 1652 331 1713 362; x_wconf 84' lang='lat'><strong>551</strong></span> 
     </span>
    </p>
   </div>
   <div class='ocr_carea' id='block_1_2' title="bbox 333 420 1723 1315">
    <p class='ocr_par' dir='ltr' id='par_1_2' title="bbox 333 420 1717 911">
     <span class='ocr_line' id='line_1_2' title="bbox 339 420 1716 468; baseline 0 -10"><span class='ocrx_word' id='word_1_5' title='bbox 339 425 453 468; x_wconf 87' lang='lat' dir='ltr'><strong>piunt,</strong></span> <span class='ocrx_word' id='word_1_6' title='bbox 471 423 533 457; x_wconf 88' lang='lat' dir='ltr'><strong>sed</strong></span> <span class='ocrx_word' id='word_1_7' title='bbox 548 421 594 455; x_wconf 89' lang='lat' dir='ltr'><strong>ab</strong></span> <span class='ocrx_word' id='word_1_8' title='bbox 611 421 729 466; x_wconf 86' lang='lat' dir='ltr'><strong>aliquo</strong></span> <span class='ocrx_word' id='word_1_9' title='bbox 746 420 859 455; x_wconf 84' lang='lat' dir='ltr'><strong>nostri</strong></span> <span class='ocrx_word' id='word_1_10' title='bbox 881 420 989 454; x_wconf 86' lang='lat' dir='ltr'><strong>seculi</strong></span> <span class='ocrx_word' id='word_1_11' title='bbox 1014 420 1302 462; x_wconf 21' lang='lat' dir='ltr'><strong>editirvidentur,</strong></span> <span class='ocrx_word' id='word_1_12' title='bbox 1325 427 1370 457; x_wconf 89' lang='lat' dir='ltr'><strong>ut</strong></span> <span class='ocrx_word' id='word_1_13' title='bbox 1389 422 1434 456; x_wconf 89' lang='lat' dir='ltr'><strong>de</strong></span> <span class='ocrx_word' id='word_1_14' title='bbox 1458 422 1573 467; x_wconf 86' lang='lat' dir='ltr'><strong>patria</strong></span> <span class='ocrx_word' id='word_1_15' title='bbox 1599 422 1716 458; x_wconf 85' lang='lat' dir='ltr'><strong>Raba-</strong></span> 
     </span>
     <span class='ocr_line' id='line_1_3' title="bbox 338 476 1717 524; baseline -0.001 -9"><span class='ocrx_word' id='word_1_16' title='bbox 338 482 377 514; x_wconf 84' lang='lat' dir='ltr'><strong>ni</strong></span> <span class='ocrx_word' id='word_1_17' title='bbox 402 485 497 515; x_wconf 89' lang='lat' dir='ltr'><strong>certo</strong></span> <span class='ocrx_word' id='word_1_18' title='bbox 522 482 710 518; x_wconf 87' lang='lat' dir='ltr'><strong>constaret,</strong></span> <span class='ocrx_word' id='word_1_19' title='bbox 741 488 852 522; x_wconf 87' lang='lat' dir='ltr'><strong>eaque</strong></span> <span class='ocrx_word' id='word_1_20' title='bbox 880 477 994 524; x_wconf 89' lang='lat' dir='ltr'><strong>gloria</strong></span> <span class='ocrx_word' id='word_1_21' title='bbox 1017 476 1146 517; x_wconf 77' lang='lat' dir='ltr'><strong>Sentis,</strong></span> <span class='ocrx_word' id='word_1_22' title='bbox 1171 477 1313 524; x_wconf 84' lang='lat' dir='ltr'><strong>Anglis,</strong></span> <span class='ocrx_word' id='word_1_23' title='bbox 1343 483 1379 513; x_wconf 87' lang='lat' dir='ltr'><strong>et</strong></span> <span class='ocrx_word' id='word_1_24' title='bbox 1404 478 1516 513; x_wconf 83' lang='lat' dir='ltr'><strong>Gallis</strong></span> <span class='ocrx_word' id='word_1_25' title='bbox 1532 480 1717 524; x_wconf 20' lang='lat' dir='ltr'><strong>*praeripe-</strong></span> 
     </span>
     <span class='ocr_line' id='line_1_4' title="bbox 337 533 1716 580; baseline -0.001 -9"><span class='ocrx_word' id='word_1_26' title='bbox 337 538 446 576; x_wconf 84' lang='lat' dir='ltr'><strong>retur‚</strong></span> <span class='ocrx_word' id='word_1_27' title='bbox 464 540 506 570; x_wconf 86' lang='lat' dir='ltr'><strong>ut</strong></span> <span class='ocrx_word' id='word_1_28' title='bbox 522 535 688 570; x_wconf 90' lang='lat' dir='ltr'><strong>omittam</strong></span> <span class='ocrx_word' id='word_1_29' title='bbox 711 534 881 569; x_wconf 89' lang='lat' dir='ltr'><strong>frivolum</strong></span> <span class='ocrx_word' id='word_1_30' title='bbox 906 544 981 568; x_wconf 88' lang='lat' dir='ltr'><strong>esse</strong></span> <span class='ocrx_word' id='word_1_31' title='bbox 1006 533 1145 567; x_wconf 87' lang='lat' dir='ltr'><strong>credere</strong></span> <span class='ocrx_word' id='word_1_32' title='bbox 1167 534 1294 569; x_wconf 87' lang='lat' dir='ltr'><strong>nullibi</strong></span> <span class='ocrx_word' id='word_1_33' title='bbox 1318 539 1494 569; x_wconf 87' lang='lat' dir='ltr'><strong>terrarum</strong></span> <span class='ocrx_word' id='word_1_34' title='bbox 1516 536 1582 570; x_wconf 91' lang='lat' dir='ltr'><strong>hoc</strong></span> <span class='ocrx_word' id='word_1_35' title='bbox 1606 536 1716 580; x_wconf 90' lang='lat' dir='ltr'><strong>epice-</strong></span> 
     </span>
     <span class='ocr_line' id='line_1_5' title="bbox 336 589 1716 626; baseline 0 0"><span class='ocrx_word' id='word_1_36' title='bbox 336 592 436 626; x_wconf 91' lang='lat' dir='ltr'><strong>dium</strong></span> <span class='ocrx_word' id='word_1_37' title='bbox 462 591 602 626; x_wconf 86' lang='lat' dir='ltr'><strong>Rabani</strong></span> <span class='ocrx_word' id='word_1_38' title='bbox 629 591 750 625; x_wconf 89' lang='lat' dir='ltr'><strong>Mauri</strong></span> <span class='ocrx_word' id='word_1_39' title='bbox 773 591 843 625; x_wconf 89' lang='lat' dir='ltr'><strong>nisi</strong></span> <span class='ocrx_word' id='word_1_40' title='bbox 873 591 911 624; x_wconf 93' lang='lat' dir='ltr'><strong>in</strong></span> <span class='ocrx_word' id='word_1_41' title='bbox 937 589 1129 625; x_wconf 86' lang='lat' dir='ltr'><strong>Germania</strong></span> <span class='ocrx_word' id='word_1_42' title='bbox 1155 591 1325 626; x_wconf 84' lang='lat' dir='ltr'><strong>extitisse.</strong></span> <span class='ocrx_word' id='word_1_43' title='bbox 1377 591 1452 626; x_wconf 91' lang='lat' dir='ltr'><strong>Nec</strong></span> <span class='ocrx_word' id='word_1_44' title='bbox 1477 592 1618 626; x_wconf 89' lang='lat' dir='ltr'><strong>videtur</strong></span> <span class='ocrx_word' id='word_1_45' title='bbox 1641 596 1716 626; x_wconf 84' lang='lat' dir='ltr'><strong>tam</strong></span> 
     </span>
     <span class='ocr_line' id='line_1_6' title="bbox 336 647 1715 695; baseline 0 -12"><span class='ocrx_word' id='word_1_46' title='bbox 336 649 472 683; x_wconf 88' lang='lat' dir='ltr'><strong>alienus</strong></span> <span class='ocrx_word' id='word_1_47' title='bbox 489 648 534 682; x_wconf 91' lang='lat' dir='ltr'><strong>ab</strong></span> <span class='ocrx_word' id='word_1_48' title='bbox 551 647 753 688; x_wconf 82' lang='lat' dir='ltr'><strong>ambitione,</strong></span> <span class='ocrx_word' id='word_1_49' title='bbox 772 648 923 695; x_wconf 86' lang='lat' dir='ltr'><strong>gloriam</strong></span> <span class='ocrx_word' id='word_1_50' title='bbox 940 647 1035 691; x_wconf 89' lang='lat' dir='ltr'><strong>apud</strong></span> <span class='ocrx_word' id='word_1_51' title='bbox 1051 651 1210 690; x_wconf 85' lang='lat' dir='ltr'><strong>posteros</strong></span> <span class='ocrx_word' id='word_1_52' title='bbox 1236 649 1367 693; x_wconf 86' lang='lat' dir='ltr'><strong>scripto</strong></span> <span class='ocrx_word' id='word_1_53' title='bbox 1384 650 1537 688; x_wconf 83' lang='lat' dir='ltr'><strong>carmine</strong></span> <span class='ocrx_word' id='word_1_54' title='bbox 1564 650 1715 684; x_wconf 81' lang='lat' dir='ltr'><strong>voluisse</strong></span> 
     </span>
     <span class='ocr_line' id='line_1_7' title="bbox 336 703 1716 750; baseline 0.001 -11"><span class='ocrx_word' id='word_1_55' title='bbox 336 706 517 749; x_wconf 90' lang='lat' dir='ltr'><strong>aucupari.</strong></span> <span class='ocrx_word' id='word_1_56' title='bbox 569 704 710 738; x_wconf 82' lang='lat' dir='ltr'><strong>Habeat</strong></span> <span class='ocrx_word' id='word_1_57' title='bbox 727 715 811 750; x_wconf 87' lang='lat' dir='ltr'><strong>ergo</strong></span> <span class='ocrx_word' id='word_1_58' title='bbox 828 705 989 738; x_wconf 88' lang='lat' dir='ltr'><strong>alumnos</strong></span> <span class='ocrx_word' id='word_1_59' title='bbox 1007 714 1090 737; x_wconf 84' lang='lat' dir='ltr'><strong>suos</strong></span> <span class='ocrx_word' id='word_1_60' title='bbox 1106 704 1246 738; x_wconf 89' lang='lat' dir='ltr'><strong>erudita</strong></span> <span class='ocrx_word' id='word_1_61' title='bbox 1269 703 1471 745; x_wconf 85' lang='lat' dir='ltr'><strong>Germania,</strong></span> <span class='ocrx_word' id='word_1_62' title='bbox 1497 705 1619 740; x_wconf 84' lang='lat' dir='ltr'><strong>Scotos</strong></span> <span class='ocrx_word' id='word_1_63' title='bbox 1645 717 1716 740; x_wconf 90' lang='lat' dir='ltr'><strong>non</strong></span> 
     </span>
     <span class='ocr_line' id='line_1_8' title="bbox 336 761 1716 806; baseline 0 -9"><span class='ocrx_word' id='word_1_64' title='bbox 336 762 499 797; x_wconf 85' lang='lat' dir='ltr'><strong>detrahat</strong></span> <span class='ocrx_word' id='word_1_65' title='bbox 516 761 628 800; x_wconf 87' lang='lat' dir='ltr'><strong>nobis,</strong></span> <span class='ocrx_word' id='word_1_66' title='bbox 646 761 707 794; x_wconf 91' lang='lat' dir='ltr'><strong>sed</strong></span> <span class='ocrx_word' id='word_1_67' title='bbox 724 761 842 805; x_wconf 89' lang='lat' dir='ltr'><strong>potius</strong></span> <span class='ocrx_word' id='word_1_68' title='bbox 860 761 994 806; x_wconf 86' lang='lat' dir='ltr'><strong>gratias</strong></span> <span class='ocrx_word' id='word_1_69' title='bbox 1017 764 1100 805; x_wconf 87' lang='lat' dir='ltr'><strong>agat</strong></span> <span class='ocrx_word' id='word_1_70' title='bbox 1117 771 1181 804; x_wconf 92' lang='lat' dir='ltr'><strong>pro</strong></span> <span class='ocrx_word' id='word_1_71' title='bbox 1203 765 1258 795; x_wconf 88' lang='lat' dir='ltr'><strong>tot</strong></span> <span class='ocrx_word' id='word_1_72' title='bbox 1282 762 1368 795; x_wconf 89' lang='lat' dir='ltr'><strong>viris</strong></span> <span class='ocrx_word' id='word_1_73' title='bbox 1394 763 1535 802; x_wconf 88' lang='lat' dir='ltr'><strong>sanctis,</strong></span> <span class='ocrx_word' id='word_1_74' title='bbox 1561 767 1615 797; x_wconf 91' lang='lat' dir='ltr'><strong>tot</strong></span> <span class='ocrx_word' id='word_1_75' title='bbox 1637 763 1716 797; x_wconf 91' lang='lat' dir='ltr'><strong>doc-</strong></span> 
     </span>
     <span class='ocr_line' id='line_1_9' title="bbox 335 816 1715 863; baseline 0 -9"><span class='ocrx_word' id='word_1_76' title='bbox 335 820 393 860; x_wconf 88' lang='lat' dir='ltr'><strong>tis,</strong></span> <span class='ocrx_word' id='word_1_77' title='bbox 412 819 552 863; x_wconf 91' lang='lat' dir='ltr'><strong>quibus,</strong></span> <span class='ocrx_word' id='word_1_78' title='bbox 566 817 685 852; x_wconf 89' lang='lat' dir='ltr'><strong>Scotia</strong></span> <span class='ocrx_word' id='word_1_79' title='bbox 709 818 879 857; x_wconf 87' lang='lat' dir='ltr'><strong>oriundis,</strong></span> <span class='ocrx_word' id='word_1_80' title='bbox 904 821 941 852; x_wconf 92' lang='lat' dir='ltr'><strong>et</strong></span> <span class='ocrx_word' id='word_1_81' title='bbox 965 816 1068 851; x_wconf 89' lang='lat' dir='ltr'><strong>fidem</strong></span> <span class='ocrx_word' id='word_1_82' title='bbox 1094 822 1271 862; x_wconf 82' lang='lat' dir='ltr'><strong>acceptam</strong></span> <span class='ocrx_word' id='word_1_83' title='bbox 1298 818 1417 859; x_wconf 88' lang='lat' dir='ltr'><strong>refert,</strong></span> <span class='ocrx_word' id='word_1_84' title='bbox 1442 823 1478 853; x_wconf 89' lang='lat' dir='ltr'><strong>et</strong></span> <span class='ocrx_word' id='word_1_85' title='bbox 1504 824 1655 860; x_wconf 88' lang='lat' dir='ltr'><strong>auctam,</strong></span> <span class='ocrx_word' id='word_1_86' title='bbox 1681 826 1715 854; x_wconf 90' lang='lat' dir='ltr'><strong>et</strong></span> 
     </span>
     <span class='ocr_line' id='line_1_10' title="bbox 333 880 1222 911; baseline -0.007 0"><span class='ocrx_word' id='word_1_87' title='bbox 333 880 587 911; x_wconf 84' lang='lat' dir='ltr'><strong>conservatam.</strong></span> <span class='ocrx_word' id='word_1_88' title='bbox 1218 903 1222 905; x_wconf 80' lang='grc'>.</span> 
     </span>
    </p>

    <p class='ocr_par' dir='ltr' id='par_1_3' title="bbox 335 930 1723 1315">
     <span class='ocr_line' id='line_1_11' title="bbox 385 930 1715 977; baseline 0.001 -10"><span class='ocrx_word' id='word_1_89' title='bbox 385 933 506 967; x_wconf 88' lang='lat' dir='ltr'><strong>Sancti</strong></span> <span class='ocrx_word' id='word_1_90' title='bbox 523 944 604 967; x_wconf 88' lang='lat' dir='ltr'><strong>eum</strong></span> <span class='ocrx_word' id='word_1_91' title='bbox 621 932 728 967; x_wconf 89' lang='lat' dir='ltr'><strong>titulo</strong></span> <span class='ocrx_word' id='word_1_92' title='bbox 745 931 889 977; x_wconf 88' lang='lat' dir='ltr'><strong>quidam</strong></span> <span class='ocrx_word' id='word_1_93' title='bbox 906 931 1137 970; x_wconf 81' lang='lat' dir='ltr'><strong>honorarunt,</strong></span> <span class='ocrx_word' id='word_1_94' title='bbox 1161 930 1222 965; x_wconf 90' lang='lat' dir='ltr'><strong>sed</strong></span> <span class='ocrx_word' id='word_1_95' title='bbox 1245 930 1376 975; x_wconf 88' lang='lat' dir='ltr'><strong>privati</strong></span> <span class='ocrx_word' id='word_1_96' title='bbox 1402 931 1454 965; x_wconf 92' lang='lat' dir='ltr'><strong>illi</strong></span> <span class='ocrx_word' id='word_1_97' title='bbox 1479 936 1631 973; x_wconf 87' lang='lat' dir='ltr'><strong>tantum,</strong></span> <span class='ocrx_word' id='word_1_98' title='bbox 1657 945 1715 968; x_wconf 89' lang='lat' dir='ltr'><strong>ne-</strong></span> 
     </span>
     <span class='ocr_line' id='line_1_12' title="bbox 335 987 1721 1035; baseline -0.002 -11"><span class='ocrx_word' id='word_1_99' title='bbox 335 1001 404 1034; x_wconf 91' lang='lat' dir='ltr'><strong>que</strong></span> <span class='ocrx_word' id='word_1_100' title='bbox 421 990 562 1035; x_wconf 87' lang='lat' dir='ltr'><strong>publica</strong></span> <span class='ocrx_word' id='word_1_101' title='bbox 578 990 615 1023; x_wconf 90' lang='lat' dir='ltr'><strong>id</strong></span> <span class='ocrx_word' id='word_1_102' title='bbox 632 989 842 1023; x_wconf 88' lang='lat' dir='ltr'><strong>auctoritate</strong></span> <span class='ocrx_word' id='word_1_103' title='bbox 858 988 1045 1022; x_wconf 87' lang='lat' dir='ltr'><strong>sancitum.</strong></span> <span class='ocrx_word' id='word_1_104' title='bbox 1096 987 1241 1021; x_wconf 83' lang='lat' dir='ltr'><strong>Cineres</strong></span> <span class='ocrx_word' id='word_1_105' title='bbox 1258 992 1377 1022; x_wconf 81' lang='lat' dir='ltr'><strong>tamen</strong></span> <span class='ocrx_word' id='word_1_106' title='bbox 1393 989 1483 1033; x_wconf 86' lang='lat' dir='ltr'><strong>ejus,</strong></span> <span class='ocrx_word' id='word_1_107' title='bbox 1501 994 1537 1023; x_wconf 92' lang='lat' dir='ltr'><strong>et</strong></span> <span class='ocrx_word' id='word_1_108' title='bbox 1553 989 1592 1024; x_wconf 90' lang='lat' dir='ltr'><strong>S.</strong></span> <span class='ocrx_word' id='word_1_109' title='bbox 1612 990 1721 1025; x_wconf 79' lang='lat' dir='ltr'><strong>Max..</strong></span> 
     </span>
     <span class='ocr_line' id='line_1_13' title="bbox 337 1044 1723 1087; baseline -0.001 -7"><span class='ocrx_word' id='word_1_110' title='bbox 337 1047 410 1087; x_wconf 90' lang='lat' dir='ltr'><strong>imi,</strong></span> <span class='ocrx_word' id='word_1_111' title='bbox 440 1047 478 1080; x_wconf 91' lang='lat' dir='ltr'><strong>in</strong></span> <span class='ocrx_word' id='word_1_112' title='bbox 503 1045 694 1080; x_wconf 87' lang='lat' dir='ltr'><strong>Saxoniam</strong></span> <span class='ocrx_word' id='word_1_113' title='bbox 717 1045 802 1080; x_wconf 90' lang='lat' dir='ltr'><strong>tulit</strong></span> <span class='ocrx_word' id='word_1_114' title='bbox 826 1045 998 1078; x_wconf 89' lang='lat' dir='ltr'><strong>Albertus</strong></span> <span class='ocrx_word' id='word_1_115' title='bbox 1023 1044 1222 1084; x_wconf 83' lang='lat' dir='ltr'><strong>cardinalis,</strong></span> <span class='ocrx_word' id='word_1_116' title='bbox 1249 1048 1285 1077; x_wconf 86' lang='lat' dir='ltr'><strong>et</strong></span> <span class='ocrx_word' id='word_1_117' title='bbox 1309 1045 1465 1079; x_wconf 87' lang='lat' dir='ltr'><strong>condidit</strong></span> <span class='ocrx_word' id='word_1_118' title='bbox 1490 1046 1528 1079; x_wconf 92' lang='lat' dir='ltr'><strong>in</strong></span> <span class='ocrx_word' id='word_1_119' title='bbox 1554 1046 1723 1081; x_wconf 27' lang='lat' dir='ltr'><strong>Hallensi.</strong></span> 
     </span>
     <span class='ocr_line' id='line_1_14' title="bbox 336 1100 1714 1143; baseline 0 -6"><span class='ocrx_word' id='word_1_120' title='bbox 336 1103 372 1137; x_wconf 92' lang='lat' dir='ltr'><strong>S.</strong></span> <span class='ocrx_word' id='word_1_121' title='bbox 392 1103 558 1136; x_wconf 91' lang='lat' dir='ltr'><strong>Mauricii</strong></span> <span class='ocrx_word' id='word_1_122' title='bbox 575 1102 728 1142; x_wconf 86' lang='lat' dir='ltr'><strong>basilica,</strong></span> <span class='ocrx_word' id='word_1_123' title='bbox 746 1111 840 1135; x_wconf 87' lang='lat' dir='ltr'><strong>anno</strong></span> <span class='ocrx_word' id='word_1_124' title='bbox 857 1101 981 1134; x_wconf 88' lang='lat' dir='ltr'><strong>salutis</strong></span> <span class='ocrx_word' id='word_1_125' title='bbox 1001 1108 1133 1133; x_wconf 82' lang='lat' dir='ltr'><strong>Mva.</strong></span> <span class='ocrx_word' id='word_1_126' title='bbox 1157 1105 1199 1134; x_wconf 85' lang='lat' dir='ltr'><strong>ut</strong></span> <span class='ocrx_word' id='word_1_127' title='bbox 1223 1101 1362 1135; x_wconf 86' lang='lat' dir='ltr'><strong>notavit</strong></span> <span class='ocrx_word' id='word_1_128' title='bbox 1384 1100 1627 1143; x_wconf 86' lang='lat' dir='ltr'><strong>Trithemius;</strong></span> <span class='ocrx_word' id='word_1_129' title='bbox 1655 1105 1714 1137; x_wconf 92' lang='lat' dir='ltr'><strong>sed</strong></span> 
     </span>
     <span class='ocr_line' id='line_1_15' title="bbox 336 1156 1713 1205; baseline 0 -11"><span class='ocrx_word' id='word_1_130' title='bbox 336 1171 399 1194; x_wconf 91' lang='lat' dir='ltr'><strong>nec</strong></span> <span class='ocrx_word' id='word_1_131' title='bbox 413 1159 528 1193; x_wconf 88' lang='lat' dir='ltr'><strong>Fulda</strong></span> <span class='ocrx_word' id='word_1_132' title='bbox 540 1170 603 1192; x_wconf 92' lang='lat' dir='ltr'><strong>nec</strong></span> <span class='ocrx_word' id='word_1_133' title='bbox 616 1157 871 1203; x_wconf 84' lang='lat' dir='ltr'><strong>martyrologia</strong></span> <span class='ocrx_word' id='word_1_134' title='bbox 880 1158 1086 1201; x_wconf 84' lang='lat' dir='ltr'><strong>loquuntur,</strong></span> <span class='ocrx_word' id='word_1_135' title='bbox 1099 1156 1221 1190; x_wconf 85' lang='lat' dir='ltr'><strong>Uvion</strong></span> <span class='ocrx_word' id='word_1_136' title='bbox 1232 1162 1351 1190; x_wconf 84' lang='lat' dir='ltr'><strong>tamen</strong></span> <span class='ocrx_word' id='word_1_137' title='bbox 1362 1158 1424 1191; x_wconf 88' lang='lat' dir='ltr'><strong>lib.</strong></span> <span class='ocrx_word' id='word_1_138' title='bbox 1440 1158 1596 1205; x_wconf 89' lang='lat' dir='ltr'><strong>111..Lig.</strong></span> <span class='ocrx_word' id='word_1_139' title='bbox 1610 1159 1713 1194; x_wconf 90' lang='lat' dir='ltr'><strong>Vitae</strong></span> 
     </span>
     <span class='ocr_line' id='line_1_16' title="bbox 336 1213 1715 1263; baseline -0.001 -12"><span class='ocrx_word' id='word_1_140' title='bbox 336 1228 416 1263; x_wconf 85' lang='lat' dir='ltr'><strong>pag.</strong></span> <span class='ocrx_word' id='word_1_141' title='bbox 441 1224 652 1250; x_wconf 84' lang='lat' dir='ltr'><strong>Decxxxv.</strong></span> <span class='ocrx_word' id='word_1_142' title='bbox 684 1214 796 1248; x_wconf 88' lang='lat' dir='ltr'><strong>sancti</strong></span> <span class='ocrx_word' id='word_1_143' title='bbox 824 1225 903 1248; x_wconf 91' lang='lat' dir='ltr'><strong>eum</strong></span> <span class='ocrx_word' id='word_1_144' title='bbox 931 1214 1064 1248; x_wconf 91' lang='lat' dir='ltr'><strong>honore</strong></span> <span class='ocrx_word' id='word_1_145' title='bbox 1092 1213 1271 1259; x_wconf 86' lang='lat' dir='ltr'><strong>indigitat.</strong></span> <span class='ocrx_word' id='word_1_146' title='bbox 1322 1213 1462 1249; x_wconf 89' lang='lat' dir='ltr'><strong>Colitur</strong></span> <span class='ocrx_word' id='word_1_147' title='bbox 1485 1216 1542 1250; x_wconf 89' lang='lat' dir='ltr'><strong>die</strong></span> <span class='ocrx_word' id='word_1_148' title='bbox 1569 1225 1622 1250; x_wconf 88' lang='lat' dir='ltr'><strong>1v.</strong></span> <span class='ocrx_word' id='word_1_149' title='bbox 1650 1217 1715 1250; x_wconf 85' lang='lat' dir='ltr'><strong>Fe-</strong></span> 
     </span>
     <span class='ocr_line' id='line_1_17' title="bbox 337 1270 1057 1315; baseline -0.007 -7"><span class='ocrx_word' id='word_1_150' title='bbox 337 1274 482 1308; x_wconf 90' lang='lat' dir='ltr'><strong>bruarii.</strong></span> <span class='ocrx_word' id='word_1_151' title='bbox 536 1271 654 1306; x_wconf 89' lang='lat' dir='ltr'><strong>Uvion</strong></span> <span class='ocrx_word' id='word_1_152' title='bbox 671 1271 764 1304; x_wconf 91' lang='lat' dir='ltr'><strong>idem</strong></span> <span class='ocrx_word' id='word_1_153' title='bbox 781 1270 820 1304; x_wconf 91' lang='lat' dir='ltr'><strong>in</strong></span> <span class='ocrx_word' id='word_1_154' title='bbox 836 1270 1007 1315; x_wconf 86' lang='lat' dir='ltr'><strong>Adjunct.</strong></span> <span class='ocrx_word' id='word_1_155' title='bbox 1052 1294 1057 1301; x_wconf 84' lang='lat'><strong>.</strong></span> 
     </span>
    </p>
   </div>
   <div class='ocr_carea' id='block_1_3' title="bbox 792 1369 1296 1419">
    <p class='ocr_par' dir='ltr' id='par_1_4' title="bbox 792 1369 1296 1419">
     <span class='ocr_line' id='line_1_18' title="bbox 792 1369 1296 1419; baseline -0.002 -2"><span class='ocrx_word' id='word_1_156' title='bbox 792 1383 829 1417; x_wconf 89' lang='lat' dir='ltr'><strong>S.</strong></span> <span class='ocrx_word' id='word_1_157' title='bbox 856 1369 1103 1417; x_wconf 76' lang='lat' dir='ltr'><strong>REGULUS.</strong></span> <span class='ocrx_word' id='word_1_158' title='bbox 1155 1384 1261 1419; x_wconf 79' lang='lat'><strong>1037.</strong></span> <span class='ocrx_word' id='word_1_159' title='bbox 1294 1408 1296 1410; x_wconf 95' lang='lat'><strong>.</strong></span> 
     </span>
    </p>
   </div>
   <div class='ocr_carea' id='block_1_4' title="bbox 336 1496 1729 2441">
    <p class='ocr_par' dir='ltr' id='par_1_5' title="bbox 336 1496 1729 2441">
     <span class='ocr_line' id='line_1_19' title="bbox 337 1496 1714 1544; baseline 0.001 -9"><span class='ocrx_word' id='word_1_160' title='bbox 337 1502 373 1535; x_wconf 88' lang='lat' dir='ltr'><strong>S.</strong></span> <span class='ocrx_word' id='word_1_161' title='bbox 392 1501 601 1540; x_wconf 77' lang='lat' dir='ltr'><strong>REGULUS,</strong></span> <span class='ocrx_word' id='word_1_162' title='bbox 620 1502 852 1544; x_wconf 85' lang='lat' dir='ltr'><strong>cognomento</strong></span> <span class='ocrx_word' id='word_1_163' title='bbox 864 1496 1028 1537; x_wconf 87' lang='lat' dir='ltr'><strong>Albatus,</strong></span> <span class='ocrx_word' id='word_1_164' title='bbox 1042 1501 1146 1542; x_wconf 90' lang='lat' dir='ltr'><strong>gente</strong></span> <span class='ocrx_word' id='word_1_165' title='bbox 1159 1496 1325 1538; x_wconf 85' lang='lat' dir='ltr'><strong>Graecus,</strong></span> <span class='ocrx_word' id='word_1_166' title='bbox 1338 1497 1475 1533; x_wconf 87' lang='lat' dir='ltr'><strong>Achaia</strong></span> <span class='ocrx_word' id='word_1_167' title='bbox 1494 1500 1675 1542; x_wconf 87' lang='lat' dir='ltr'><strong>oriundus,</strong></span> <span class='ocrx_word' id='word_1_168' title='bbox 1693 1514 1714 1536; x_wconf 88' lang='lat' dir='ltr'><strong>a</strong></span> 
     </span>
     <span class='ocr_line' id='line_1_20' title="bbox 336 1552 1712 1603; baseline 0 -11"><span class='ocrx_word' id='word_1_169' title='bbox 336 1556 546 1592; x_wconf 85' lang='lat' dir='ltr'><strong>Constantio</strong></span> <span class='ocrx_word' id='word_1_170' title='bbox 576 1555 745 1601; x_wconf 84' lang='lat' dir='ltr'><strong>Augusto</strong></span> <span class='ocrx_word' id='word_1_171' title='bbox 779 1554 922 1588; x_wconf 87' lang='lat' dir='ltr'><strong>civitate</strong></span> <span class='ocrx_word' id='word_1_172' title='bbox 949 1553 1061 1597; x_wconf 88' lang='lat' dir='ltr'><strong>patris</strong></span> <span class='ocrx_word' id='word_1_173' title='bbox 1097 1553 1133 1586; x_wconf 92' lang='lat' dir='ltr'><strong>S.</strong></span> <span class='ocrx_word' id='word_1_174' title='bbox 1163 1552 1328 1588; x_wconf 88' lang='lat' dir='ltr'><strong>Andreae</strong></span> <span class='ocrx_word' id='word_1_175' title='bbox 1363 1557 1512 1599; x_wconf 88' lang='lat' dir='ltr'><strong>apostoli</strong></span> <span class='ocrx_word' id='word_1_176' title='bbox 1547 1559 1712 1603; x_wconf 87' lang='lat' dir='ltr'><strong>reliquias</strong></span> 
     </span>
     <span class='ocr_line' id='line_1_21' title="bbox 337 1609 1713 1659; baseline 0 -10"><span class='ocrx_word' id='word_1_177' title='bbox 337 1624 516 1649; x_wconf 82' lang='lat' dir='ltr'><strong>asservare</strong></span> <span class='ocrx_word' id='word_1_178' title='bbox 534 1613 670 1659; x_wconf 69' lang='lat' dir='ltr'><strong>jussm,</strong></span> <span class='ocrx_word' id='word_1_179' title='bbox 693 1612 778 1645; x_wconf 91' lang='lat' dir='ltr'><strong>dum</strong></span> <span class='ocrx_word' id='word_1_180' title='bbox 795 1611 840 1644; x_wconf 90' lang='lat' dir='ltr'><strong>ad</strong></span> <span class='ocrx_word' id='word_1_181' title='bbox 862 1620 1002 1644; x_wconf 86' lang='lat' dir='ltr'><strong>sacrum</strong></span> <span class='ocrx_word' id='word_1_182' title='bbox 1027 1609 1215 1643; x_wconf 87' lang='lat' dir='ltr'><strong>excubaret</strong></span> <span class='ocrx_word' id='word_1_183' title='bbox 1239 1611 1408 1645; x_wconf 86' lang='lat' dir='ltr'><strong>scrinium</strong></span> <span class='ocrx_word' id='word_1_184' title='bbox 1433 1612 1555 1647; x_wconf 87' lang='lat' dir='ltr'><strong>divina</strong></span> <span class='ocrx_word' id='word_1_185' title='bbox 1580 1615 1713 1648; x_wconf 85' lang='lat' dir='ltr'><strong>visione</strong></span> 
     </span>
     <span class='ocr_line' id='line_1_22' title="bbox 337 1666 1723 1711; baseline 0 -5"><span class='ocrx_word' id='word_1_186' title='bbox 337 1671 550 1711; x_wconf 91' lang='lat' dir='ltr'><strong>admonitus,</strong></span> <span class='ocrx_word' id='word_1_187' title='bbox 580 1680 638 1704; x_wconf 90' lang='lat' dir='ltr'><strong>eas</strong></span> <span class='ocrx_word' id='word_1_188' title='bbox 667 1669 706 1703; x_wconf 91' lang='lat' dir='ltr'><strong>in</strong></span> <span class='ocrx_word' id='word_1_189' title='bbox 730 1667 920 1702; x_wconf 91' lang='lat' dir='ltr'><strong>Albionem</strong></span> <span class='ocrx_word' id='word_1_190' title='bbox 938 1667 1077 1707; x_wconf 87' lang='lat' dir='ltr'><strong>detulit,</strong></span> <span class='ocrx_word' id='word_1_191' title='bbox 1102 1667 1192 1701; x_wconf 84' lang='lat' dir='ltr'><strong>etin</strong></span> <span class='ocrx_word' id='word_1_192' title='bbox 1210 1666 1441 1709; x_wconf 80' lang='lat' dir='ltr'><strong>otholiniam,</strong></span> <span class='ocrx_word' id='word_1_193' title='bbox 1468 1669 1648 1705; x_wconf 87' lang='lat' dir='ltr'><strong>Pictorum</strong></span> <span class='ocrx_word' id='word_1_194' title='bbox 1673 1682 1723 1706; x_wconf 87' lang='lat' dir='ltr'><strong>ea</strong></span> 
     </span>
     <span class='ocr_line' id='line_1_23' title="bbox 338 1723 1715 1773; baseline 0 -11"><span class='ocrx_word' id='word_1_195' title='bbox 338 1732 452 1762; x_wconf 88' lang='lat' dir='ltr'><strong>aetate</strong></span> <span class='ocrx_word' id='word_1_196' title='bbox 468 1728 659 1773; x_wconf 88' lang='lat' dir='ltr'><strong>regionem,</strong></span> <span class='ocrx_word' id='word_1_197' title='bbox 677 1736 771 1760; x_wconf 84' lang='lat' dir='ltr'><strong>nunc</strong></span> <span class='ocrx_word' id='word_1_198' title='bbox 788 1724 906 1759; x_wconf 87' lang='lat' dir='ltr'><strong>Fifam</strong></span> <span class='ocrx_word' id='word_1_199' title='bbox 928 1723 1042 1758; x_wconf 85' lang='lat' dir='ltr'><strong>Scotis</strong></span> <span class='ocrx_word' id='word_1_200' title='bbox 1065 1723 1270 1769; x_wconf 77' lang='lat' dir='ltr'><strong>subJectam,</strong></span> <span class='ocrx_word' id='word_1_201' title='bbox 1294 1726 1443 1769; x_wconf 90' lang='lat' dir='ltr'><strong>appulit,</strong></span> <span class='ocrx_word' id='word_1_202' title='bbox 1469 1726 1529 1760; x_wconf 92' lang='lat' dir='ltr'><strong>ubi</strong></span> <span class='ocrx_word' id='word_1_203' title='bbox 1556 1728 1632 1772; x_wconf 89' lang='lat' dir='ltr'><strong>ipso</strong></span> <span class='ocrx_word' id='word_1_204' title='bbox 1657 1739 1715 1773; x_wconf 87' lang='lat' dir='ltr'><strong>pe-</strong></span> 
     </span>
     <span class='ocr_line' id='line_1_24' title="bbox 338 1781 1714 1829; baseline 0.001 -11"><span class='ocrx_word' id='word_1_205' title='bbox 338 1789 433 1818; x_wconf 90' lang='lat' dir='ltr'><strong>tente</strong></span> <span class='ocrx_word' id='word_1_206' title='bbox 463 1783 679 1829; x_wconf 85' lang='lat' dir='ltr'><strong>Heirgustus</strong></span> <span class='ocrx_word' id='word_1_207' title='bbox 710 1782 891 1816; x_wconf 86' lang='lat' dir='ltr'><strong>Pictorum</strong></span> <span class='ocrx_word' id='word_1_208' title='bbox 920 1791 983 1814; x_wconf 86' lang='lat' dir='ltr'><strong>rex</strong></span> <span class='ocrx_word' id='word_1_209' title='bbox 1012 1781 1181 1825; x_wconf 88' lang='lat' dir='ltr'><strong>oppidum</strong></span> <span class='ocrx_word' id='word_1_210' title='bbox 1210 1782 1332 1821; x_wconf 85' lang='lat' dir='ltr'><strong>erexit,</strong></span> <span class='ocrx_word' id='word_1_211' title='bbox 1358 1783 1452 1827; x_wconf 89' lang='lat' dir='ltr'><strong>quod</strong></span> <span class='ocrx_word' id='word_1_212' title='bbox 1477 1781 1634 1818; x_wconf 74' lang='lat' dir='ltr'><strong>Kikeuil</strong></span> <span class='ocrx_word' id='word_1_213' title='bbox 1655 1796 1714 1819; x_wconf 87' lang='lat' dir='ltr'><strong>vo-</strong></span> 
     </span>
     <span class='ocr_line' id='line_1_25' title="bbox 338 1827 1729 1886; baseline 0.001 -11"><span class='ocrx_word' id='word_1_214' title='bbox 338 1846 468 1880; x_wconf 90' lang='lat' dir='ltr'><strong>catum,</strong></span> <span class='ocrx_word' id='word_1_215' title='bbox 485 1840 587 1885; x_wconf 87' lang='lat' dir='ltr'><strong>qnasi</strong></span> <span class='ocrx_word' id='word_1_216' title='bbox 605 1839 735 1885; x_wconf 80' lang='lat' dir='ltr'><strong>Reguli</strong></span> <span class='ocrx_word' id='word_1_217' title='bbox 757 1838 929 1882; x_wconf 83' lang='lat' dir='ltr'><strong>templum</strong></span> <span class='ocrx_word' id='word_1_218' title='bbox 953 1837 1059 1876; x_wconf 81' lang='lat' dir='ltr'><strong>dicas,</strong></span> <span class='ocrx_word' id='word_1_219' title='bbox 1083 1842 1206 1880; x_wconf 88' lang='lat' dir='ltr'><strong>postea</strong></span> <span class='ocrx_word' id='word_1_220' title='bbox 1230 1837 1266 1871; x_wconf 86' lang='lat' dir='ltr'><strong>S.</strong></span> <span class='ocrx_word' id='word_1_221' title='bbox 1293 1837 1458 1872; x_wconf 88' lang='lat' dir='ltr'><strong>Andreae</strong></span> <span class='ocrx_word' id='word_1_222' title='bbox 1483 1839 1573 1874; x_wconf 82' lang='lat' dir='ltr'><strong>Fani</strong></span> <span class='ocrx_word' id='word_1_223' title='bbox 1598 1827 1729 1886; x_wconf 41' lang='lat' dir='ltr'><strong>appel--</strong></span> 
     </span>
     <span class='ocr_line' id='line_1_26' title="bbox 339 1893 1709 1940; baseline 0.001 -8"><span class='ocrx_word' id='word_1_224' title='bbox 339 1898 505 1932; x_wconf 91' lang='lat' dir='ltr'><strong>lationem</strong></span> <span class='ocrx_word' id='word_1_225' title='bbox 534 1896 677 1940; x_wconf 89' lang='lat' dir='ltr'><strong>accepit,</strong></span> <span class='ocrx_word' id='word_1_226' title='bbox 707 1894 808 1940; x_wconf 86' lang='lat' dir='ltr'><strong>regni</strong></span> <span class='ocrx_word' id='word_1_227' title='bbox 836 1893 946 1928; x_wconf 89' lang='lat' dir='ltr'><strong>totius</strong></span> <span class='ocrx_word' id='word_1_228' title='bbox 972 1893 1123 1937; x_wconf 72' lang='lat' dir='ltr'><strong>primas,</strong></span> <span class='ocrx_word' id='word_1_229' title='bbox 1141 1898 1183 1932; x_wconf 86' lang='lat' dir='ltr'><strong>ut</strong></span> <span class='ocrx_word' id='word_1_230' title='bbox 1207 1893 1254 1926; x_wconf 87' lang='lat' dir='ltr'><strong>in.</strong></span> <span class='ocrx_word' id='word_1_231' title='bbox 1270 1893 1459 1938; x_wconf 86' lang='lat' dir='ltr'><strong>Apparatu</strong></span> <span class='ocrx_word' id='word_1_232' title='bbox 1486 1895 1670 1932; x_wconf 81' lang='lat' dir='ltr'><strong>Historioo</strong></span> <span class='ocrx_word' id='word_1_233' title='bbox 1689 1911 1709 1933; x_wconf 85' lang='lat' dir='ltr'><strong>a</strong></span> 
     </span>
     <span class='ocr_line' id='line_1_27' title="bbox 338 1949 1708 1995; baseline 0 -7"><span class='ocrx_word' id='word_1_234' title='bbox 338 1966 394 1989; x_wconf 91' lang='lat' dir='ltr'><strong>me</strong></span> <span class='ocrx_word' id='word_1_235' title='bbox 411 1954 549 1989; x_wconf 91' lang='lat' dir='ltr'><strong>abunde</strong></span> <span class='ocrx_word' id='word_1_236' title='bbox 565 1953 710 1987; x_wconf 87' lang='lat' dir='ltr'><strong>dictum.</strong></span> <span class='ocrx_word' id='word_1_237' title='bbox 761 1950 910 1994; x_wconf 87' lang='lat' dir='ltr'><strong>Scripsit</strong></span> <span class='ocrx_word' id='word_1_238' title='bbox 934 1949 992 1983; x_wconf 83' lang='lat' dir='ltr'><strong>hic</strong></span> <span class='ocrx_word' id='word_1_239' title='bbox 1014 1949 1137 1989; x_wconf 87' lang='lat' dir='ltr'><strong>multa,</strong></span> <span class='ocrx_word' id='word_1_240' title='bbox 1161 1954 1202 1983; x_wconf 89' lang='lat' dir='ltr'><strong>ut</strong></span> <span class='ocrx_word' id='word_1_241' title='bbox 1227 1951 1369 1985; x_wconf 87' lang='lat' dir='ltr'><strong>annales</strong></span> <span class='ocrx_word' id='word_1_242' title='bbox 1395 1952 1506 1986; x_wconf 86' lang='lat' dir='ltr'><strong>nostri</strong></span> <span class='ocrx_word' id='word_1_243' title='bbox 1531 1953 1708 1995; x_wconf 79' lang='lat' dir='ltr'><strong>referunt;</strong></span> 
     </span>
     <span class='ocr_line' id='line_1_28' title="bbox 336 2011 669 2045; baseline -0.006 0"><span class='ocrx_word' id='word_1_244' title='bbox 336 2011 397 2045; x_wconf 89' lang='lat' dir='ltr'><strong>sed</strong></span> <span class='ocrx_word' id='word_1_245' title='bbox 414 2015 513 2045; x_wconf 85' lang='lat' dir='ltr'><strong>extat</strong></span> <span class='ocrx_word' id='word_1_246' title='bbox 528 2013 669 2044; x_wconf 88' lang='lat' dir='ltr'><strong>tantum</strong></span> 
     </span>
     <span class='ocr_line' id='line_1_29' title="bbox 484 2062 1713 2110; baseline -0.002 -10"><span class='ocrx_word' id='word_1_247' title='bbox 484 2066 649 2110; x_wconf 86' lang='lat' dir='ltr'><strong>Epistola</strong></span> <span class='ocrx_word' id='word_1_248' title='bbox 676 2065 722 2099; x_wconf 87' lang='lat' dir='ltr'><strong>ad</strong></span> <span class='ocrx_word' id='word_1_249' title='bbox 751 2063 937 2097; x_wconf 87' lang='lat' dir='ltr'><strong>Patrenses</strong></span> <span class='ocrx_word' id='word_1_250' title='bbox 968 2062 1028 2096; x_wconf 87' lang='lat' dir='ltr'><strong>lib.</strong></span> <span class='ocrx_word' id='word_1_251' title='bbox 1061 2071 1085 2095; x_wconf 92' lang='lat'><strong>1.</strong></span> <span class='ocrx_word' id='word_1_252' title='bbox 1116 2063 1200 2103; x_wconf 85' lang='lat' dir='ltr'><strong>sive,</strong></span> <span class='ocrx_word' id='word_1_253' title='bbox 1231 2068 1273 2097; x_wconf 89' lang='lat' dir='ltr'><strong>ut</strong></span> <span class='ocrx_word' id='word_1_254' title='bbox 1300 2063 1325 2097; x_wconf 86' lang='lat' dir='ltr'>J</span> <span class='ocrx_word' id='word_1_255' title='bbox 1327 2074 1455 2098; x_wconf 88' lang='lat' dir='ltr'><strong>oannes</strong></span> <span class='ocrx_word' id='word_1_256' title='bbox 1486 2064 1713 2110; x_wconf 80' lang='lat' dir='ltr'><strong>Campusbel-</strong></span> 
     </span>
     <span class='ocr_line' id='line_1_30' title="bbox 531 2122 692 2160; baseline -0.006 -5"><span class='ocrx_word' id='word_1_257' title='bbox 531 2123 587 2155; x_wconf 89' lang='lat' dir='ltr'><strong>lus</strong></span> <span class='ocrx_word' id='word_1_258' title='bbox 604 2122 692 2160; x_wconf 88' lang='lat' dir='ltr'><strong>vult,</strong></span> 
     </span>
     <span class='ocr_line' id='line_1_31' title="bbox 487 2173 1711 2222; baseline 0.002 -10"><span class='ocrx_word' id='word_1_259' title='bbox 487 2178 626 2212; x_wconf 87' lang='lat' dir='ltr'><strong>Monita</strong></span> <span class='ocrx_word' id='word_1_260' title='bbox 647 2177 769 2210; x_wconf 90' lang='lat' dir='ltr'><strong>divina</strong></span> <span class='ocrx_word' id='word_1_261' title='bbox 791 2176 835 2209; x_wconf 91' lang='lat' dir='ltr'><strong>de</strong></span> <span class='ocrx_word' id='word_1_262' title='bbox 858 2174 1109 2209; x_wconf 86' lang='lat' dir='ltr'><strong>transferendis</strong></span> <span class='ocrx_word' id='word_1_263' title='bbox 1134 2173 1169 2208; x_wconf 88' lang='lat' dir='ltr'><strong>S.</strong></span> <span class='ocrx_word' id='word_1_264' title='bbox 1196 2173 1360 2210; x_wconf 83' lang='lat' dir='ltr'><strong>Andreae</strong></span> <span class='ocrx_word' id='word_1_265' title='bbox 1386 2176 1560 2222; x_wconf 88' lang='lat' dir='ltr'><strong>Reliquiis</strong></span> <span class='ocrx_word' id='word_1_266' title='bbox 1585 2179 1622 2212; x_wconf 91' lang='lat' dir='ltr'><strong>in</strong></span> <span class='ocrx_word' id='word_1_267' title='bbox 1647 2180 1711 2214; x_wconf 86' lang='lat' dir='ltr'><strong>Al-</strong></span> 
     </span>
     <span class='ocr_line' id='line_1_32' title="bbox 534 2233 795 2268; baseline -0.008 0"><span class='ocrx_word' id='word_1_268' title='bbox 534 2235 672 2268; x_wconf 89' lang='lat' dir='ltr'><strong>bionem</strong></span> <span class='ocrx_word' id='word_1_269' title='bbox 690 2233 750 2267; x_wconf 90' lang='lat' dir='ltr'><strong>lib.</strong></span> <span class='ocrx_word' id='word_1_270' title='bbox 770 2241 795 2266; x_wconf 92' lang='lat'><strong>1.</strong></span> 
     </span>
     <span class='ocr_line' id='line_1_33' title="bbox 340 2287 1710 2338; baseline 0.001 -11"><span class='ocrx_word' id='word_1_271' title='bbox 340 2292 492 2338; x_wconf 90' lang='lat' dir='ltr'><strong>Appulit</strong></span> <span class='ocrx_word' id='word_1_272' title='bbox 509 2292 546 2325; x_wconf 91' lang='lat' dir='ltr'><strong>in</strong></span> <span class='ocrx_word' id='word_1_273' title='bbox 563 2290 751 2324; x_wconf 88' lang='lat' dir='ltr'><strong>Albionem</strong></span> <span class='ocrx_word' id='word_1_274' title='bbox 769 2299 861 2323; x_wconf 90' lang='lat' dir='ltr'><strong>anno</strong></span> <span class='ocrx_word' id='word_1_275' title='bbox 878 2295 1070 2322; x_wconf 82' lang='lat' dir='ltr'><strong>CCCLxlx.</strong></span> <span class='ocrx_word' id='word_1_276' title='bbox 1107 2287 1199 2322; x_wconf 81' lang='lat' dir='ltr'><strong>Fuse</strong></span> <span class='ocrx_word' id='word_1_277' title='bbox 1218 2288 1266 2322; x_wconf 90' lang='lat' dir='ltr'><strong>H.</strong></span> <span class='ocrx_word' id='word_1_278' title='bbox 1284 2288 1457 2324; x_wconf 85' lang='lat' dir='ltr'><strong>Boethius</strong></span> <span class='ocrx_word' id='word_1_279' title='bbox 1471 2291 1530 2325; x_wconf 86' lang='lat' dir='ltr'><strong>lib.</strong></span> <span class='ocrx_word' id='word_1_280' title='bbox 1546 2300 1599 2326; x_wconf 81' lang='lat' dir='ltr'><strong>VI.</strong></span> <span class='ocrx_word' id='word_1_281' title='bbox 1615 2292 1710 2328; x_wconf 86' lang='lat' dir='ltr'><strong>Hist.</strong></span> 
     </span>
     <span class='ocr_line' id='line_1_34' title="bbox 340 2344 1712 2393; baseline 0.001 -10"><span class='ocrx_word' id='word_1_282' title='bbox 340 2351 434 2384; x_wconf 86' lang='lat' dir='ltr'><strong>Scot.</strong></span> <span class='ocrx_word' id='word_1_283' title='bbox 450 2359 529 2393; x_wconf 86' lang='lat' dir='ltr'><strong>pag.</strong></span> <span class='ocrx_word' id='word_1_284' title='bbox 545 2355 607 2381; x_wconf 84' lang='lat' dir='ltr'><strong>CV.</strong></span> <span class='ocrx_word' id='word_1_285' title='bbox 621 2346 644 2379; x_wconf 89' lang='lat' dir='ltr'>J</span> <span class='ocrx_word' id='word_1_286' title='bbox 646 2357 775 2380; x_wconf 90' lang='lat' dir='ltr'><strong>oannes</strong></span> <span class='ocrx_word' id='word_1_287' title='bbox 788 2344 955 2379; x_wconf 84' lang='lat' dir='ltr'><strong>Leslaeus</strong></span> <span class='ocrx_word' id='word_1_288' title='bbox 972 2344 1032 2378; x_wconf 89' lang='lat' dir='ltr'><strong>lib.</strong></span> <span class='ocrx_word' id='word_1_289' title='bbox 1049 2353 1108 2378; x_wconf 90' lang='lat'><strong>111.</strong></span> <span class='ocrx_word' id='word_1_290' title='bbox 1127 2356 1210 2391; x_wconf 87' lang='lat' dir='ltr'><strong>pag.</strong></span> <span class='ocrx_word' id='word_1_291' title='bbox 1223 2353 1363 2380; x_wconf 75' lang='lat' dir='ltr'><strong>cxxvr.</strong></span> <span class='ocrx_word' id='word_1_292' title='bbox 1380 2345 1476 2381; x_wconf 88' lang='lat' dir='ltr'><strong>Hist.</strong></span> <span class='ocrx_word' id='word_1_293' title='bbox 1491 2347 1583 2382; x_wconf 87' lang='lat' dir='ltr'><strong>Scot.</strong></span> <span class='ocrx_word' id='word_1_294' title='bbox 1618 2349 1712 2384; x_wconf 81' lang='lat' dir='ltr'><strong>Mat-</strong></span> 
     </span>
     <span class='ocr_line' id='line_1_35' title="bbox 340 2401 1712 2441; baseline -0.001 0"><span class='ocrx_word' id='word_1_295' title='bbox 340 2407 464 2441; x_wconf 85' lang='lat' dir='ltr'><strong>thaeus</strong></span> <span class='ocrx_word' id='word_1_296' title='bbox 482 2402 868 2438; x_wconf 80' lang='lat' dir='ltr'><strong>westmonasteriensis</strong></span> <span class='ocrx_word' id='word_1_297' title='bbox 894 2401 937 2435; x_wconf 83' lang='lat' dir='ltr'><strong>ad</strong></span> <span class='ocrx_word' id='word_1_298' title='bbox 960 2411 1091 2435; x_wconf 87' lang='lat' dir='ltr'><strong>annum</strong></span> <span class='ocrx_word' id='word_1_299' title='bbox 1111 2409 1223 2436; x_wconf 82' lang='lat' dir='ltr'><strong>CCCL.</strong></span> <span class='ocrx_word' id='word_1_300' title='bbox 1251 2406 1272 2422; x_wconf 79' lang='lat'><strong>‘⁶</strong></span> <span class='ocrx_word' id='word_1_301' title='bbox 1288 2402 1381 2437; x_wconf 84' lang='lat' dir='ltr'><strong>Ossa</strong></span> <span class='ocrx_word' id='word_1_302' title='bbox 1405 2403 1523 2438; x_wconf 91' lang='lat' dir='ltr'><strong>Sancti</strong></span> <span class='ocrx_word' id='word_1_303' title='bbox 1550 2405 1712 2439; x_wconf 88' lang='lat' dir='ltr'><strong>Andreae</strong></span> 
     </span>
    </p>
   </div>
  </div>
 </body>
</html>
