2060 2848
679 318 855 352 GENTIS
878 317 1155 357 SCOTORUM‚
1178 319 1268 351 LIB.
1290 319 1368 352 XV.
1658 319 1723 353 529

384 414 526 449 Floruit
545 422 639 446 anno
662 419 892 445 DOCXLVIH.
918 412 1017 446 venit
1042 412 1137 446 enim
1162 412 1200 446 in
1225 411 1377 446 Francia
1393 414 1563 457 regnante
1580 411 1719 456 Pipino‚

334 475 445 514 patre,
466 474 508 503 ut
526 469 701 508 existimo,
721 467 841 502 Caroli
858 467 997 513 Magni.
1047 468 1183 514 Magna
1199 472 1293 502 certe
1310 467 1478 511 anonymi
1496 468 1577 502 illus
1601 474 1720 503 aucto-

335 527 384 561 ris
402 527 535 572 injuria
552 533 616 565 est,
642 525 705 569 qui
721 535 835 569 neque
853 524 1093 569 episcopatum
1110 524 1320 564 nominavit,
1346 534 1459 568 neque
1482 523 1680 568 pontificem
1700 538 1721 560 a

334 594 405 627 quo
430 582 715 628 inaugurationis
744 581 901 627 insignia
925 581 1090 625 suscepit,
1116 581 1300 625 expressit.
1365 580 1446 626 Ego
1476 582 1623 627 conjicio
1650 584 1721 627 epi-

334 643 498 683 scopatus
527 650 609 672 eum
636 639 792 684 insignia
818 649 840 672 a
862 637 976 672 Paulo
1003 637 1033 671 Ι.
1064 637 1240 677 habuisse,
1271 638 1332 682 qui
1363 646 1456 672 XCV.
1481 638 1519 672 in
1543 639 1641 673 Petri
1668 651 1721 674 ca-

335 696 461 730 thedra
494 696 586 730 sedit
618 696 711 729 circa
748 706 882 729 annum
923 695 1028 729 salut.
1064 703 1226 728 DCCLV1.
1261 699 1432 740 regnante
1467 695 1562 739 apud
1599 696 1720 732 Scotos

336 752 501 798 Eugenio
518 752 624 787 VIII.
674 752 737 787 An
753 752 846 786 idem
865 751 913 786 sit
929 751 1162 791 Plechelmus‚
1188 755 1251 785 aut
1270 750 1504 792 Pechtelmus,
1523 752 1559 786 S.
1578 752 1720 788 Adelmi

337 810 465 851 socius,
490 810 586 854 apud
604 809 846 844 Trithemium
868 808 930 843 lib.
960 817 1019 843 111.
1047 808 1090 842 de
1115 808 1192 842 Vir.
1218 808 1346 842 illustr.
1374 807 1410 842 S.
1436 808 1619 845 Benedicti
1644 822 1718 855 cap.

334 875 464 901 CXLII.
482 871 685 912 quaeratur.

777 979 815 1014 S.
842 979 1114 1015 PHILANUS.
1167 983 1274 1015 1008.

334 1096 372 1130 S.
404 1095 622 1130 PmLANus
659 1094 853 1139 episcopus,
887 1093 944 1127 vel
971 1093 1119 1129 Filanus
1150 1094 1269 1135 abbas,
1296 1095 1536 1131 sanctissimae
1560 1097 1719 1131 recorda-

333 1152 453 1192 tionis,
472 1152 566 1196 apud
582 1155 758 1186 nostrates
775 1151 814 1184 in
831 1150 913 1185 Fifa
930 1155 965 1185 et
981 1150 1143 1196 Argadia
1159 1152 1299 1192 cultus;
1326 1152 1383 1185 cui
1403 1153 1575 1196 templum
1593 1158 1629 1187 et
1652 1164 1717 1187 arx

333 1209 575 1243 munitissima
599 1208 637 1241 in
663 1208 742 1242 lacu
758 1207 907 1241 Levino.
960 1206 1064 1242 Hect.
1083 1207 1213 1244 Boeth.
1234 1209 1273 1242 in
1298 1208 1545 1253 Descriptione
1570 1209 1716 1245 Scotiae.

335 1265 566 1300 Memorabile
583 1265 626 1298 de
642 1264 709 1298 hoc
731 1268 899 1298 narratur
915 1263 960 1298 ab
977 1264 1098 1298 eodem
1124 1264 1185 1299 lib.
1213 1274 1297 1299 xiv.
1322 1265 1459 1300 Histor.
1485 1265 1610 1301 Scotic.
1637 1278 1717 1314 pag.

334 1331 473 1358 eccm.
523 1321 703 1356 Robertus
726 1321 880 1355 Brusius
901 1331 976 1361 rex,
1002 1321 1048 1354 ad
1074 1321 1205 1355 bellum
1229 1322 1270 1356 in
1293 1321 1432 1368 Anglos
1458 1333 1495 1356 se
1518 1328 1720 1367 paraturus,

335 1379 520 1414 brachium
549 1378 585 1412 S.
616 1377 759 1412 Philani
788 1378 900 1423 jussit
928 1378 967 1412 in
996 1382 1112 1412 castra
1141 1378 1296 1419 deferri;
1328 1379 1389 1412 sed
1413 1390 1435 1413 a
1459 1380 1637 1415 sacerdote
1663 1381 1720 1415 de-

335 1441 469 1481 ceptus,
488 1439 524 1469 et
541 1435 685 1479 capsula
700 1438 840 1469 tantum
859 1438 1036 1480 argentea,
1054 1446 1125 1469 non
1142 1435 1260 1480 ipsum
1274 1435 1468 1476 brachium,
1485 1447 1656 1477 concessa,
1674 1448 1718 1471 ne

335 1493 505 1533 tumultu,
524 1492 668 1532 scilicet,
690 1491 919 1535 perderetur:
946 1492 1007 1525 sed
1032 1502 1113 1525 cum
1137 1503 1201 1526 rex
1226 1492 1265 1526 in
1289 1492 1450 1537 precibus
1467 1498 1717 1537 perseveraret,

334 1550 478 1595 capsula
493 1553 630 1594 sponte,
647 1549 814 1592 nulloque
832 1552 1011 1593 tangente,
1023 1552 1156 1593 aperta,
1171 1559 1296 1583 venun
1309 1549 1502 1589 brachium,
1515 1550 1610 1593 quod
1623 1550 1718 1584 domi

334 1608 508 1647 relictum,
531 1606 703 1641 sacerdoti
720 1605 885 1646 ostendit,
905 1617 976 1650 quo
990 1615 1054 1640 rex
1071 1609 1106 1639 et
1122 1605 1253 1639 milites
1270 1606 1398 1640 armati
1415 1607 1628 1650 praeclaram
1646 1607 1716 1641 vic-

335 1665 464 1700 toriam
490 1664 533 1698 de
554 1663 717 1698 hostibus
741 1663 903 1703 retulere,
930 1663 1039 1697 caesis
1066 1672 1103 1697 1..
1129 1663 1286 1698 millibus
1311 1662 1523 1709 Anglorum,
1549 1673 1631 1697 cum
1656 1664 1719 1698 du-

335 1722 446 1756 centis
464 1720 643 1766 equitibus
661 1720 807 1759 auratis,
825 1719 903 1763 ipso
920 1730 1003 1765 rege
1025 1719 1197 1754 Eduardo
1220 1731 1324 1767 aegre
1348 1719 1436 1766 fuga
1460 1724 1496 1754 et
1520 1720 1718 1765 proditione

336 1778 577 1812 Merchiarum
595 1777 734 1812 comitis
751 1777 881 1820 elapso.
934 1775 1083 1822 Scripsit

481 1834 537 1868 De
554 1834 789 1868 Meditatione
806 1832 1018 1868 Sanctorum
1318 1834 1379 1868 lib.
1400 1843 1425 1868 1.

482 1891 659 1925 Homilias
1315 1890 1376 1924 lib.
1396 1900 1421 1925 1.

480 1947 662 1992 Epistolas
679 1947 723 1981 ad
741 1946 937 1981 Ecclesiam
955 1958 1055 1981 suam
1319 1947 1379 1982 lib.
1399 1957 1424 1982 1.

385 2005 525 2041 Floruit
538 2015 631 2039 anno
644 2012 786 2038 Dccnl.
817 2003 956 2038 Colitur
968 2004 1024 2038 die
1040 2012 1096 2038 lx.
1110 2003 1134 2037 J
1135 2015 1258 2039 anuar.
1289 2004 1512 2039 Breviarium
1527 2003 1713 2039 Scoticum.

807 2117 844 2152 S.
871 2116 1087 2151 PRISCUS.
1141 2118 1246 2152 1004.

334 2235 370 2269 S.
395 2235 575 2273 Pmseus,
601 2233 784 2277 episcopus
814 2231 967 2265 incertae
992 2231 1095 2270 sedis,
1122 2231 1176 2265 uti
1206 2231 1316 2275 priori
1345 2232 1407 2266 illo
1431 2236 1467 2267 et
1491 2231 1572 2267 rudi
1598 2234 1713 2267 seculo

336 2296 527 2336 receptum,
555 2300 685 2335 magna
714 2289 848 2323 virtute
882 2293 917 2322 et
950 2288 1149 2322 sanctitatis
1183 2287 1279 2322 fama
1308 2289 1486 2323 ecclesiam
1520 2289 1588 2323 sibi
1621 2300 1714 2324 com-

335 2349 479 2383 missam
501 2347 776 2387 administravit,
802 2351 1009 2380 coaetaneus
1027 2344 1088 2378 SS.
1107 2345 1304 2386 Colmanni,
1322 2345 1478 2386 Medani,
1497 2346 1654 2386 Modani,
1678 2350 1713 2379 et

334 2405 504 2447 Euchini,
517 2405 641 2440 itidem
652 2404 896 2449 episcoporum
910 2402 1071 2438 ecclesiae
1085 2401 1250 2437 Scoticae.
1289 2401 1392 2438 Hect.
1408 2402 1535 2438 Boeth.
1548 2403 1608 2438 lib.
1625 2411 1716 2437 v111.
1754 2438 1757 2441 ,
