2060 2848
655 303 830 336 GENTIS
855 301 1131 339 SCOTORUM,
1158 301 1247 332 LIB.
1274 300 1336 331 XI.
1630 300 1691 332 439

299 402 410 434 rimus
428 399 581 433 haeresis
599 397 723 437 hostis,
743 398 837 431 vitae
854 395 1123 441 probatissimae
1141 406 1181 428 ac
1202 395 1322 428 variae
1339 394 1510 433 lectionis,
1529 394 1689 428 doctissi-

298 469 377 492 mus
413 456 469 491 sui
503 455 637 489 ordinis
672 455 879 494 habebatur,
910 454 1068 497 impense
1095 452 1262 486 laudatus
1297 463 1317 485 a
1347 451 1484 485 Joanne
1513 450 1687 491 Roennio,

298 514 484 559 Gymnasii
512 512 742 546 Thesaurarii
761 510 949 556 praefecto,
973 511 1011 545 in
1035 512 1194 545 oratione
1218 512 1261 544 de
1285 511 1469 545 Laudibus
1488 510 1688 550 Sorbonae;

298 577 333 606 et
350 572 527 605 incassum
550 581 658 604 ranae
683 569 913 603 Hirlandicae
931 569 1023 603 tanti
1041 569 1110 603 viri
1128 568 1292 602 laudibus
1315 566 1357 602 oh
1375 578 1415 602 eo
1432 571 1546 601 axam?
1572 569 1612 614 [l.
1633 568 1688 601 de-

298 627 462 673 trahant]
491 629 528 661 in
554 627 672 661 libello
700 626 836 660 famoso
866 637 930 660 suo
958 627 1033 666 vili,
1066 627 1219 667 indocto,
1246 626 1291 660 ab
1316 626 1460 660 ecclesia
1481 625 1689 670 proscripto.

298 685 448 729 Scripsit
465 686 602 725 multa3
630 685 667 717 in
686 684 754 724 his,

446 742 489 776 In
508 742 725 787 Magistrum
744 741 1011 775 Sententiarum
1208 741 1270 775 lib.
1292 750 1345 774 lv.

445 798 488 832 In
519 799 723 832 universam
757 797 963 831 Aristotelis
999 798 1267 842 Philosophiam
1299 798 1538 832 Commentar.
1572 797 1632 832 lib.
1665 807 1689 830 1.

494 856 567 889 vidi
586 856 680 899 apud
700 856 817 899 ipsum
836 854 939 888 MSS.

448 912 662 952 Quodlibeta
681 912 874 946 Sorbonica
1215 913 1275 947 lib.
1296 922 1321 946 1.

446 969 500 1003 De
516 969 612 1009 Vita,
626 969 811 1009 Doctrina,
826 969 938 1003 Obitu
957 970 1119 1011 Lutheri,
1138 970 1291 1011 Calvini,
1312 970 1533 1013 aliorumque
1552 970 1689 1004 Haere-

493 1027 656 1065 ticorum,
687 1026 747 1060 lib.
767 1036 793 1060 1.
820 1027 919 1070 pium
950 1032 985 1062 et
1012 1038 1183 1068 veracem,
1209 1028 1271 1072 qui
1299 1039 1342 1061 ex
1370 1026 1506 1060 Gallico
1532 1027 1687 1061 Latinus

492 1084 631 1128 pridem
662 1083 788 1124 factus,
815 1095 899 1118 mox
922 1086 1029 1119 etiam
1057 1085 1288 1119 Germanicus
1314 1085 1446 1129 prodiit
1471 1083 1688 1130 Ingolstadii

492 1152 586 1175 anno
605 1149 836 1174 MDLXXXII.
875 1141 1057 1176 Antonius
1074 1141 1289 1176 Possevinus
1307 1146 1392 1176 tom.
1414 1150 1457 1175 11.
1476 1141 1561 1186 App
1569 1147 1688 1176 aratus

493 1198 591 1232 Sacri
609 1209 690 1244 pag.
711 1207 858 1232 LXXIX.
911 1198 970 1232 Ex
987 1200 1054 1233 hoc
1071 1200 1185 1233 multa
1202 1203 1388 1233 mutuatus
1414 1203 1467 1232 est
1486 1198 1690 1233 Florimun-

491 1256 558 1289 dus
576 1254 798 1296 Remundus,
817 1252 922 1300 opere
946 1257 990 1290 de
1010 1257 1116 1297 Ortu,
1139 1256 1358 1303 Augmento‚
1384 1261 1420 1290 et
1442 1256 1536 1290 Casu
1556 1256 1689 1291 Haere-

493 1324 581 1352 seos,
599 1317 635 1346 et
652 1313 724 1346 alii.

347 1371 447 1405 Obiit
465 1381 558 1404 anno
577 1378 755 1403 MDXCIV.
781 1370 819 1403 in
847 1370 1059 1404 Sorbonensi
1077 1372 1213 1412 sacello,
1233 1376 1340 1415 prout
1360 1375 1571 1405 testamento
1589 1382 1689 1415 prae-

299 1428 496 1472 scripserat,
523 1428 694 1471 sepultus.
746 1426 850 1461 Vixit
875 1429 1014 1472 aquilae
1040 1433 1215 1462 senectam
1242 1439 1352 1462 annos
1372 1437 1489 1461 XCIII.
1543 1428 1688 1462 Summa

299 1485 412 1529 ipsius
430 1484 501 1519 fuit
518 1484 692 1518 claritudo
710 1485 777 1518 sub
794 1496 927 1518 annum
948 1494 1113 1519 MDLvn.

659 1581 892 1616 JOANNES
918 1582 1189 1618 LITSTAER.
1242 1586 1324 1617 813.

295 1656 319 1688 J
322 1664 488 1690 oANNEs
495 1656 647 1696 Listaer,
653 1656 740 1690 alias
752 1656 912 1697 Tinctor,
924 1656 1086 1691 “insulae
1100 1657 1291 1692 Columbae
1305 1657 1567 1697 coenobiarcha,
1581 1658 1689 1703 vulgo

296 1714 411 1747 dictus
428 1714 556 1758 prior,’'
583 1714 634 1747 ait
651 1712 825 1748 Boethius
843 1714 904 1748 lib.
924 1722 1010 1747 XVI.
1031 1714 1169 1748 Histor.
1189 1715 1282 1748 Scot.
1302 1725 1383 1760 pag.
1403 1723 1583 1748 CCCXLII.
1627 1714 1687 1748 Ex

298 1779 389 1804 X111.
416 1770 619 1805 doctoribus
647 1771 821 1816 theologis
849 1770 930 1811 fuit,
957 1772 1018 1816 qui
1049 1783 1070 1805 a
1094 1771 1228 1806 Jacobo
1254 1771 1284 1805 Ι.
1315 1783 1359 1806 ex
1385 1771 1520 1817 Anglia
1546 1782 1687 1805 reverso

297 1828 423 1868 vocati,
445 1839 580 1862 sacram
598 1828 767 1874 paginam
785 1833 869 1862 sunt
887 1828 1125 1873 interpretati.
1177 1828 1326 1873 Scripsit

442 1884 485 1918 In
504 1884 785 1919 Pentateuchum
805 1885 942 1930 Moysis
1201 1887 1261 1920 lib.
1281 1896 1317 1919 V.

443 1941 486 1974 In
505 1952 625 1975 omnes
644 1941 827 1986 Epistulas
845 1942 949 1976 Pauli
1198 1944 1258 1977 lib.
1280 1953 1304 1977 1.

345 1998 448 2032 Vixit
465 2009 558 2031 anno
577 2007 803 2032 MCCCCXIX.
858 1998 927 2033 Hic
953 2011 974 2034 a
1000 2000 1192 2035 Benedicto
1210 2000 1318 2035 XIII.
1346 2001 1444 2045 prior
1462 2001 1498 2034 S.
1518 1999 1685 2034 Andreae

295 2055 534 2095 renunciatus,
552 2066 633 2089 cum
651 2055 853 2090 VVillelmus
872 2057 915 2090 de
933 2056 1108 2090 Cameron
1134 2057 1279 2092 obiisset
1303 2057 1450 2103 Brugis,
1479 2063 1519 2091 ut
1546 2057 1680 2092 videbis

296 2112 449 2146 Titulor.
470 2112 669 2147 Memorial.
691 2113 751 2146 lib.
773 2122 845 2146 vn.
865 2125 940 2158 cap.
960 2123 1013 2147 1v.

655 2210 887 2245 JOANNES
912 2211 1186 2245 LESLAEUS.
1241 2214 1327 2247 814.

294 2283 485 2317 JOANNES
504 2283 673 2318 Leslaeus
691 2283 967 2324 Aberdonmsis,
985 2285 1112 2319 celebri
1138 2284 1234 2320 fama
1260 2286 1370 2320 bonas
1396 2291 1490 2321 artes
1517 2287 1683 2321 Lutetiae

294 2340 514 2374 Parisiorum
532 2341 711 2385 professus
743 2340 853 2387 (Acta
878 2341 1045 2376 Nationis
1072 2342 1303 2379 Germanicae
1324 2345 1369 2378 ad
1394 2344 1474 2379 DD.
1498 2344 1618 2379 Cosmi
1651 2350 1685 2378 et

295 2396 481 2441 Damiani)
499 2398 640 2443 scripsit
