2060 2848
662 266 836 299 GENTIS
860 266 1135 307 SCOTORUM,
1161 268 1250 301 LIB.
1275 270 1374 302 XIX.
1652 271 1715 304 ⁶⁴7

385 360 524 394 Claruit
554 369 647 393 anno
677 367 878 393 Dcxcvnl.
929 360 1030 396 Obiit
1059 372 1152 395 anno
1186 371 1351 397 DCCXVI.
1381 366 1523 397 auctore
1548 362 1713 404 Baronio‚

337 418 393 449 vel
411 427 505 449 anno
523 423 707 449 Dccxvn.
724 420 767 449 ut
783 415 822 448 in
846 415 1022 451 Chronico
1039 417 1183 462 Belgico
1199 419 1318 462 prodit
1344 419 1530 453 Ferreolus
1556 419 1713 455 Locrius.

337 473 452 518 Regia
476 472 587 515 stirpe
612 475 742 510 ortum,
768 471 861 504 idem
888 473 977 511 vult,
1003 477 1038 506 et
1068 474 1279 507 monachum
1306 475 1463 509 induisse
1490 476 1535 509 ad
1558 475 1604 510 D.
1631 476 1717 511 Ber-

336 528 403 562 tini
432 538 525 561 anno
553 535 703 560 DCva.
735 531 771 560 et
800 531 922 570 postea
951 529 1203 562 monasterium
1233 530 1400 569 condidit,
1426 533 1521 574 quod
1547 533 1651 567 Mons
1678 533 1713 567 S.

336 584 477 618 Winoci
491 583 632 623 dicitur,
646 587 709 617 aut
719 582 942 617 Voromholt.
979 584 1113 619 Molan.
1127 584 1247 619 Natal.
1260 585 1322 619 SS.
1337 585 1454 632 Belgii
1472 596 1526 621 vl.
1545 588 1716 624 Novemb.

336 639 449 686 Cujus
482 640 626 674 initium
661 640 706 673 ab
740 639 954 680 Hademaro,
988 642 1051 685 qui
1085 640 1121 675 S.
1153 641 1343 675 Bertinum
1372 642 1535 678 heredem
1564 646 1719 690 reliquit,

335 698 397 742 qui
425 698 461 731 S.
490 696 681 730 Winocum
711 707 752 730 eo
780 706 862 729 cum
891 697 994 730 sociis
1024 698 1101 731 aliis
1131 698 1318 743 delegavit,
1349 700 1411 744 qui
1441 702 1719 744 praeclarissimo

336 753 501 788 coenobio
528 757 646 786 ortum
674 752 771 786 dedit
796 763 889 786 anno
916 761 1099 787 Dcxcvn.
1125 755 1182 788 die
1207 762 1245 788 V.
1273 754 1369 799 Sept.
1398 756 1542 791 Molano
1567 766 1720 795 auctore.

337 811 474 854 Corpus
505 815 589 843 'vero
618 819 699 843 cum
729 817 842 842 LXIV.
878 809 980 843 annis
1010 810 1207 845 delituisset
1236 811 1274 844 in
1304 811 1514 847 Bertiniano
1544 815 1719 855 coenobio,

337 867 449 901 Danis
467 867 586 900 omnia
602 866 869 906 inundantibus,
886 870 1065 910 repertum
1083 872 1206 911 postea
1223 867 1422 903 Balduinus
1447 869 1589 910 Calvus,
1616 871 1722 905 Flan-

336 924 434 957 driae
464 934 589 963 comes,
619 922 946 956 Audomarensibus
972 922 1106 958 frustra
1134 924 1367 966 obstantibus,
1401 925 1535 971 Bergas
1566 932 1721 962 transtu-

337 982 390 1020 lit,
408 985 444 1015 et
465 981 503 1014 in
528 980 673 1014 basilica
697 980 865 1023 reposuit,
890 990 998 1023 quam
1026 979 1088 1013 SS.
1116 980 1266 1015 Winoco
1293 986 1329 1015 et
1355 982 1515 1017 Martino
1540 989 1722 1019 construx-

338 1043 435 1072 erat:
464 1039 571 1082 idque
596 1041 715 1072 actum
740 1048 833 1070 anno
858 1038 983 1071 volunt
1009 1046 1185 1071 Dccccn.
1212 1038 1268 1071 die
1293 1047 1348 1072 vl.
1375 1038 1551 1074 Novemb.
1602 1040 1723 1075 Aliam

339 1095 607 1129 translationem
632 1093 717 1128 fecit
742 1092 878 1139 Bergas
903 1093 1103 1128 Balduinus
1128 1105 1255 1135 comes,
1287 1095 1572 1131 Pulchrobardus
1597 1109 1724 1143 cogno-

338 1156 468 1192 mento,
501 1151 546 1185 ab
575 1150 741 1185 inferiore
771 1151 914 1184 ecclesia
939 1151 983 1184 ad
1009 1151 1236 1195 superiorem,
1262 1152 1443 1187 monachis
1473 1164 1492 1186 e
1523 1153 1724 1188 Bertiniaco

340 1209 503 1248 evocatis,
530 1219 623 1242 anno
650 1216 788 1241 Mxvn.
840 1206 1022 1241 Aubertus
1053 1207 1210 1242 Miraeus
1241 1208 1342 1254 Orig.
1372 1208 1578 1244 Coenobior.
1608 1211 1723 1257 Belgii

340 1277 414 1310 cap.
434 1274 522 1299 xxl.
1135 1275 1138 1280 ·

387 1322 494 1355 Alius
520 1325 573 1355 est
598 1321 642 1355 ab
667 1321 733 1355 hoc
758 1326 892 1361 nostro,
926 1321 1107 1366 multoque
1131 1321 1322 1366 antiquior,
1348 1323 1449 1368 cujus
1475 1324 1607 1357 mentio
1632 1325 1725 1368 apud

342 1379 554 1424 Gregorium
589 1378 834 1412 Turonensem
868 1378 928 1411 lib.
962 1386 997 1411 V.
1035 1377 1171 1412 Histor.
1207 1378 1426 1413 Francorum
1458 1390 1533 1424 cap.
1569 1389 1656 1413 xm.
1692 1386 1726 1413 et

342 1435 402 1469 lib.
422 1443 511 1468 vul.
530 1446 605 1479 cap.
626 1443 743 1468 XXIV.
770 1439 912 1469 auctore
936 1434 1057 1468 eodem
1075 1434 1244 1469 Baronio.
1295 1435 1363 1469 Sed
1389 1436 1471 1470 libri
1488 1447 1559 1470 non
1576 1442 1659 1471 sunt
1681 1438 1723 1471 ad

345 1502 501 1526 manum.

775 1603 1064 1638 WILFRIDUS
1089 1603 1137 1638 A.
1189 1602 1295 1639 1163.

345 1720 384 1753 S.
403 1719 648 1753 W11,F1‹1nus
665 1723 772 1754 natus
790 1719 827 1751 in
853 1717 1122 1757 Norffiumbria,
1147 1722 1189 1751 ut
1213 1719 1339 1752 volunt
1364 1717 1487 1764 Angli,
1514 1719 1552 1752 in
1577 1720 1724 1754 confinio

346 1776 483 1810 Scotiae
499 1777 636 1816 saltem,
659 1776 754 1820 quod
778 1774 892 1819 Angli
908 1785 1037 1819 negare
1062 1784 1134 1807 non
1158 1779 1318 1818 possunt,
1345 1775 1382 1807 in
1406 1774 1589 1808 Scotorum
1609 1787 1729 1810 coeno-

347 1833 413 1867 biis
431 1833 635 1867 liberalibus
653 1832 789 1866 artibus
806 1831 1005 1870 institutus,
1024 1834 1045 1849 “
1062 1830 1157 1863 inter
1173 1829 1294 1864 Scotos
1312 1830 1420 1864 bonas
1439 1831 1590 1872 literas,'’
1613 1833 1729 1877 inquit

347 1890 510 1924 Pitsaeus
523 1900 604 1934 pag.
620 1898 717 1923 cxx.
733 1892 754 1907 “
770 1892 805 1921 et
818 1887 1048 1921 monasticam
1062 1886 1204 1920 vivendi
1218 1887 1392 1920 rationem
1407 1888 1552 1921 solerter
1564 1888 1686 1923 didicit
1698 1890 1728 1929 ;'’

346 1948 417 1980 imo
443 1951 464 1966 ‘⁶
490 1946 703 1980 Psalterium
732 1944 906 1979 lectitavit
935 1954 976 1977 ac
998 1943 1124 1982 tenuit,
1151 1943 1245 1986 quod
1270 1955 1292 1977 a
1316 1943 1429 1977 Scotis
1450 1944 1557 1988 juxta
1581 1947 1730 1979 transla-

347 2004 478 2038 tionem
497 2003 540 2036 B.
561 2002 772 2046 Hieronymi
790 1999 1004 2044 acceperat.''
1054 1999 1240 2033 Malmesb.
1265 2000 1325 2034 lib.
1345 2009 1405 2034 111.
1432 2000 1475 2033 de
1500 1999 1596 2034 Gest.
1624 2001 1727 2035 Pont.

349 2060 499 2106 Anglor.
527 2071 607 2105 pag.
627 2067 786 2092 CXLIIX.
840 2057 947 2091 Hunc
972 2056 1071 2090 Beda
1094 2056 1288 2100 impensius
1315 2057 1447 2097 laudat,
1474 2062 1644 2102 vocatque
1669 2058 1728 2092 lib.

352 2126 411 2151 111.
428 2117 565 2151 Histor.
581 2116 714 2150 Eccles.
729 2115 834 2149 Gent.
848 2113 998 2160 Anglor.
1013 2124 1088 2158 cap.
1102 2121 1202 2147 xxv.
1217 2113 1334 2146 virum
1346 2113 1597 2147 doctissimum.
1637 2113 1730 2148 Tan-

349 2166 429 2209 dem
446 2174 564 2208 Scotia
582 2173 749 2207 excedens
766 2182 831 2215 pro
849 2170 992 2204 ecclesia
1008 2169 1201 2209 catholica,
1225 2174 1426 2203 constanter
1442 2171 1541 2204 stetit
1558 2171 1595 2204 in
1612 2170 1730 2205 defen-

350 2232 446 2265 sione
464 2230 660 2270 Paschatis‚
681 2229 834 2263 maxime
851 2238 930 2261 cum
957 2226 1215 2261 Eboracensem
1241 2227 1420 2260 ecclesiam
1447 2227 1726 2272 archiepiscopus

354 2288 540 2334 regendam
558 2286 778 2330 suscepisset.
830 2284 980 2328 Scripsit

498 2343 552 2377 De
570 2343 752 2377 Catholico
770 2341 967 2376 celebrandi
986 2339 1170 2375 Paschatis
1187 2339 1277 2375 Ritu
1379 2340 1440 2374 lib.
1460 2350 1484 2374 1.
