2060 2848
665 295 839 329 GENTIS
863 294 1139 331 SCOTORUM,
1165 294 1253 326 LIB.
1280 294 1323 326 X.
1622 294 1679 323 421

306 400 377 424 D11.
401 395 442 424 ut
459 400 652 434 processuS‚
670 389 732 433 qui
750 393 858 428 extat,
877 389 1031 428 indicat3
1050 388 1094 421 ad
1112 398 1218 431 quem
1236 392 1281 428 te,
1296 388 1415 427 lector,
1430 387 1584 421 remitto.
1626 387 1649 420 J
1651 399 1682 421 ο.

305 447 469 481 Molanus
486 445 741 479 Additionibus
759 446 803 479 ad
821 445 1038 479 Usuardum.
1090 443 1183 477 Acta
1199 444 1278 477 loci.

353 503 463 538 Passa
479 514 572 537 anno
590 511 729 536 CDLIV.
747 503 874 536 colitur
892 511 982 535 XXI.
1000 501 1176 536 Octobris.

777 616 813 650 S.
842 615 1070 650 KUNERA.
1130 618 1210 653 777.

305 730 339 764 S.
360 731 551 771 KUNERA‚
579 735 615 765 et
638 731 717 775 ipsa
740 730 929 769 Ursulana,
956 734 991 764 et
1016 730 1061 764 ab
1086 731 1211 776 angelo
1238 731 1392 770 custode,
1418 735 1459 764 ut
1483 731 1597 776 major
1619 729 1686 763 Dei

305 789 429 833 gloria,
457 789 649 833 duriorque
674 788 825 833 virginis
848 787 965 830 passio
992 786 1102 826 fieret,
1136 787 1272 827 educta,
1302 786 1518 820 Hunnorum
1545 786 1687 831 quidem

305 845 441 889 gladios
460 845 600 884 vitavit,
627 845 687 878 sed
713 848 872 888 paratam
896 843 1060 887 martyrii
1086 845 1240 887 palmam
1266 855 1338 877 non
1363 843 1498 889 effugit,
1524 843 1687 887 operibus

305 901 378 934 suis
397 906 431 934 et
449 901 666 947 virginitatis
685 906 768 935 voto
785 901 1064 943 respondentem.
1115 900 1207 934 Cum
1230 901 1269 934 in
1294 901 1363 934 viri
1388 901 1515 934 nobilis
1538 900 1687 934 famula-

307 962 384 991 tum
402 959 566 997 venisset,
591 958 635 991 ob
652 958 761 991 solam
780 957 1080 1001 pulchritudinem
1098 957 1136 990 in
1154 958 1388 1001 suspicionem
1406 958 1588 1002 zelotypae
1611 968 1689 990 mu-

307 1015 401 1048 lieris
419 1015 592 1059 pervenit,
610 1026 700 1058 quae
718 1014 831 1058 ipsam
850 1014 979 1059 injecto
998 1015 1138 1047 mantili
1155 1015 1418 1060 strangulavit3
1447 1015 1507 1048 sed
1532 1014 1688 1048 Domino

307 1072 453 1105 ancillae
471 1083 555 1105 suae
573 1071 810 1104 innocentiam
828 1070 940 1115 signis
966 1070 1227 1111 manifestante,
1254 1072 1448 1117 gloriosum
1474 1082 1600 1115 corpus
1626 1082 1689 1114 per

307 1129 342 1163 S.
362 1129 632 1162 willibrordum
652 1127 797 1162 Scotum
815 1129 1038 1167 translatum,
1065 1132 1101 1161 et
1126 1128 1165 1160 in
1192 1128 1336 1161 civitate
1354 1128 1509 1162 Renensi
1527 1129 1689 1162 decenter

308 1187 527 1220 collocatum.
557 1185 724 1219 Molanus
750 1184 911 1218 Indiculo
935 1183 995 1217 SS.
1023 1184 1153 1229 Belgii.
1179 1184 1356 1228 Cratepol.
1381 1185 1424 1218 de
1447 1185 1585 1218 Sanctis
1603 1184 1689 1218 Ger-

308 1244 446 1277 maniae
465 1254 545 1288 pag.
567 1251 632 1275 LV.

356 1299 466 1333 Passa
483 1304 536 1333 est
554 1311 647 1333 anno
666 1307 803 1333 CDLIV.
832 1306 970 1331 XXIIX.
989 1297 1114 1331 Octob.
1141 1300 1314 1333 translata
1341 1308 1414 1332 XII.
1441 1298 1551 1332 Junii.
1606 1298 1690 1332 Vita

309 1355 345 1389 S.
364 1356 598 1390 Willibrordi.

665 1451 888 1486 JACOBUS
914 1451 1203 1487 KARDENUS.
1257 1455 1338 1491 778.

309 1526 489 1560 JACOBUS
524 1526 723 1566 Kardenus,
758 1526 946 1559 canonicus
981 1525 1266 1567 Dumblanensis,
1304 1526 1441 1561 familia
1479 1528 1601 1567 veteri,-
1638 1528 1691 1561 in-

309 1583 414 1628 genio
448 1583 568 1623 nobili,
601 1583 697 1617 fama
727 1582 866 1622 celebri,
895 1582 1079 1628 theologus
1110 1594 1218 1628 supra
1245 1588 1397 1618 aetatem
1426 1595 1526 1618 suam
1557 1585 1691 1624 doctus,

313 1639 379 1673 scri
407 1640 454 1673 sit

382 1650 405 1684 p
459 1695 513 1730 De
532 1696 840 1731 sacramentorum
860 1696 1019 1730 Numero
1190 1698 1250 1732 lib.
1271 1707 1295 1731 1.

458 1753 512 1787 De
531 1753 719 1798 Baptismo
736 1758 859 1788 contra
877 1753 1083 1788 Haereticos
1190 1755 1251 1789 lib.
1272 1765 1296 1789 1.

458 1809 645 1844 Sermones
1186 1812 1246 1846 lib.
1267 1822 1291 1846 1.

362 1866 500 1901 Floruit
518 1878 611 1901 anno
630 1875 828 1900 MCCXCIV.

690 1980 985 2016 GULIELMUS
1012 1982 1188 2017 KEITH.
1242 1986 1323 2022 779.

317 2093 563 2127 GULIELMUS
582 2094 733 2133 Kethus,
757 2094 864 2129 abbas
883 2095 997 2129 Killos
1014 2097 1053 2130 in
1071 2097 1248 2138 Muravia,
1274 2099 1436 2144 egregius
1460 2100 1693 2140 concionator,

317 2152 482 2195 eloquens
500 2151 630 2191 rhetor,
649 2155 753 2195 poeta
769 2152 983 2197 ingeniosus,
1001 2155 1114 2188 multa
1127 2166 1231 2189 versu
1245 2160 1280 2189 et
1292 2166 1397 2199 prosa
1409 2157 1569 2202 scripsit:
1588 2158 1625 2191 in
1639 2157 1694 2192 his

316 2208 422 2241 index
440 2208 506 2241 loci
524 2214 696 2242 memorat

462 2264 775 2311 Quadragesimale
1194 2268 1255 2302 lib.
1276 2279 1301 2303 Ι.

464 2321 629 2366 Hymnos
648 2323 691 2355 de
709 2322 847 2357 Sanctis
1200 2326 1259 2360 lib.
1279 2335 1304 2360 1.

367 2378 505 2412 Claruit
523 2390 615 2413 anno
635 2388 781 2414 MCCCL.

987 2447 1020 2471 M
