2060 2848
443 521 942 578 HISTORIAE
985 521 1744 577 ECCLESIASTICAE

732 630 1012 679 GENTIS
1050 629 1448 678 SCOTORUM

952 752 1135 791 LIBER
1165 752 1238 791 XI.

756 897 790 930 S.
819 895 974 929 LUCIA
1000 894 1068 928 DE
1096 894 1291 929 MONTE.
1345 898 1427 933 788.

400 990 434 1024 S.
455 990 597 1030 LUCIA,
616 993 848 1035 cognomento
867 989 909 1022 de
927 988 1062 1028 Monte,
1081 988 1174 1032 regis
1193 987 1430 1029 Scotiae'filia,
1449 990 1550 1035 cujus
1569 989 1644 1023 vita
1661 990 1698 1022 in
1714 989 1786 1023 offi-

397 1049 461 1088 cio,
481 1047 667 1081 Breviario
685 1046 822 1080 Scotico
840 1046 872 1079 ei
890 1050 1104 1089 nuncupato,
1123 1045 1208 1078 haec
1225 1044 1298 1078 fere
1322 1047 1438 1092 colligi
1462 1050 1589 1091 potest.
1642 1046 1685 1080 In
1703 1048 1782 1080 aula

397 1116 417 1138 a
437 1110 557 1138 tenera
574 1104 727 1148 pueritia
744 1104 901 1142 educata,
921 1102 1151 1146 eleemosynis
1164 1113 1204 1152 ac
1218 1103 1436 1137 orationibus
1455 1104 1595 1137 assidue
1613 1104 1760 1137 vacabat
1774 1114 1782 1136 :

398 1162 520 1195 audito
550 1161 588 1194 in
616 1161 758 1194 ecclesia
786 1160 969 1205 evangelio
995 1160 1114 1193 omnia
1139 1159 1290 1192 vendere
1318 1159 1538 1199 exhortante,
1565 1165 1606 1194 ut
1628 1160 1783 1204 perfecta

398 1223 498 1258 esset,
517 1217 639 1251 statim
657 1228 693 1251 se
712 1221 823 1251 totam
842 1216 985 1250 Christo
1003 1216 1170 1265 devovit3
1198 1221 1233 1250 et
1251 1216 1377 1250 furtim
1395 1217 1594 1263 aufugiens,
1621 1223 1662 1251 ut
1688 1219 1781 1262 quod

397 1277 434 1308 in
464 1276 545 1308 aula
574 1285 645 1308 non
671 1279 789 1318 posset
814 1274 852 1307 in
879 1285 995 1307 eremo
1021 1277 1185 1313 tentaret,
1212 1274 1419 1308 transmissa
1445 1274 1597 1308 Francia
1622 1275 1720 1309 venit
1745 1276 1782 1308 in

396 1332 678 1377 Lotharingiam‚
699 1336 733 1364 et
750 1342 829 1364 cum
850 1331 988 1364 Mosam
1007 1331 1044 1363 in
1063 1331 1265 1374 episcopatu
1290 1330 1508 1365 Virdunensi
1535 1332 1697 1377 trajicere
1722 1343 1781 1376 pa-

395 1393 499 1428 raret,
518 1389 631 1422 amnis
650 1389 820 1422 miraculo
837 1389 1073 1422 intumescens
1091 1388 1281 1421 transitum
1300 1389 1455 1433 negavit.
1499 1388 1555 1422 Eo
1570 1389 1682 1434 igitur
1694 1390 1780 1429 loco,

394 1447 494 1491 quasi
513 1446 685 1479 divinitus
700 1446 891 1485 admonita,
907 1445 1077 1484 substitit,
1092 1449 1126 1478 et
1145 1456 1165 1478 a
1184 1444 1389 1478 Theobaldo
1406 1446 1559 1489 quodam
1577 1447 1654 1479 viro
1672 1446 1781 1491 insig-

394 1504 487 1537 niter
504 1503 563 1547 pio
581 1508 731 1546 recepta,
749 1503 929 1546 praeclara
946 1502 1145 1536 sanctitatis
1164 1507 1374 1547 argumenta
1391 1503 1564 1543 exhibuit,
1580 1504 1712 1537 victum
1732 1505 1780 1537 la-

395 1561 478 1594 bore
496 1571 666 1594 manuum
685 1570 868 1603 quaerens.
908 1559 1003 1593 Fons
1022 1571 1040 1592 e
1057 1559 1243 1602 sepulchro
1261 1564 1377 1598 natus,
1396 1560 1458 1603 qui
1476 1561 1663 1605 languores
1675 1571 1779 1604 quos-

395 1618 480 1652 libet
498 1621 610 1656 sanat,
629 1617 685 1650 cui
703 1616 893 1660 subscripti
910 1616 947 1649 hi
966 1625 1109 1650 versus:

693 1687 760 1715 Flos
775 1687 881 1716 sudans
895 1698 985 1716 rorem
1001 1687 1129 1716 ascendit
1143 1687 1179 1715 ad
1193 1687 1298 1715 montis
1311 1688 1455 1721 honorem,

692 1734 732 1763 Et
747 1745 833 1772 super
845 1735 922 1763 hunc
937 1735 1032 1763 florem
1050 1734 1131 1763 Deus
1144 1734 1297 1772 inspiravit
1311 1734 1440 1762 odorem:

692 1781 768 1815 Flos,
784 1782 872 1820 virgo,
887 1792 941 1815 ros,
956 1787 1036 1820 grata
1050 1781 1136 1815 salus,
1151 1780 1227 1814 odor,
1242 1791 1310 1809 aura
1324 1781 1432 1809 salutis.

442 1849 581 1882 Fioruit
599 1859 692 1881 anno
719 1873 726 1881 .
757 1872 766 1880 .
794 1873 802 1881 .

867 1946 903 1979 S.
931 1945 1165 1979 LEVINUS.
1220 1947 1300 1982 789.

393 2022 427 2053 S.
465 2020 661 2060 LEVINUS,
698 2025 760 2054 aut
794 2020 957 2058 Livinus‚
997 2019 1190 2059 Lebuinus,
1227 2019 1409 2063 episcopus
1445 2019 1700 2060 Gandavensis,
1735 2026 1775 2054 ut

393 2080 505 2121 placet
530 2078 671 2111 Caesari
701 2077 880 2111 Baronio:
907 2082 948 2110 ut
974 2077 1033 2110 alii
1060 2078 1195 2115 volunt,
1224 2081 1243 2095 ‘⁶
1270 2075 1454 2110 Scotorum
1481 2077 1773 2122 archiepiscopus,

393 2141 425 2168 ct
462 2135 630 2179 martyr,''
664 2135 714 2168 ait
746 2134 883 2169 Anton,
920 2134 1101 2168 Possevin.
1138 2133 1312 2177 Apparat.
1348 2142 1536 2167 CCCXLIV.
1577 2134 1773 2168 Bibliothe-

393 2204 431 2225 ca
450 2191 632 2225 Minorum
650 2191 811 2225 Patruin.
862 2191 906 2225 V.
926 2200 987 2225 CL.
1006 2191 1154 2225 Joannis
1173 2190 1347 2224 Gualterii
1374 2190 1537 2224 Chronic.
1565 2190 1770 2225 Chronicor.

393 2261 472 2294 pag.
503 2257 608 2281 Mvn.
642 2254 661 2267 ‘⁶
683 2248 840 2282 Levinus
867 2248 1148 2292 archiepiscopus
1177 2247 1372 2288 Scotorum,
1399 2252 1434 2281 et
1460 2252 1596 2292 martyr
1608 2248 1640 2289 ;''
1670 2249 1771 2293 cujus

393 2306 502 2339 vitam
539 2305 643 2339 habet
678 2305 802 2339 Surius
836 2311 921 2339 tom.
958 2314 1011 2339 vl.
1047 2317 1090 2339 ex
1126 2304 1312 2338 Huc-baldo
1349 2304 1557 2338 Elmonensi
1599 2306 1771 2339 monacho

392 2362 435 2396 ad
480 2362 681 2396 Baldriculn
725 2363 924 2406 episcopum
969 2362 1255 2408 Ti·ajectensem;
1300 2373 1407 2406 quam
1451 2362 1545 2395 vitae
1583 2362 1769 2396 historiam

396 2419 515 2452 laudat
550 2418 744 2463 impensius
779 2416 907 2454 Petrus
946 2420 1211 2454 archidiaconus
1250 2418 1523 2453 Cameracensis.
1587 2418 1770 2454 Lebuinus
