2118 2854
374 352 438 382 842
753 349 986 384 HISTORIA
1010 350 1384 384 ECCLESIASTICA

526 446 796 481 Institutionem
813 444 908 479 Cleri
1266 445 1328 480 lib.
1349 455 1374 479 1.

523 503 584 538 Ad
602 502 737 538 Galliae
754 502 952 547 Episcopos
1263 503 1324 537 lib.
1346 512 1371 536 1.

427 560 566 595 claruit
590 571 683 594 anno
707 568 848 594 CCL111.
894 559 1034 594 Colitur
1056 560 1094 594 in
1115 560 1331 594 monasterio
1358 559 1393 593 S.
1422 559 1559 594 Mariae
1585 560 1623 594 in
1649 561 1767 596 insula

376 617 496 652 Traile
511 627 580 652 XX.
596 617 825 662 Septembris,
839 617 901 651 ubi
915 617 1085 662 reliquiae
1099 618 1188 663 ejus.
1235 616 1287 651 Et
1304 617 1362 651 hic
1376 617 1566 651 canonicus
1580 619 1766 664 regularis.

895 731 931 766 S.
961 730 1115 766 HUGO.
1170 730 1253 766 644.

373 853 393 868 “
407 847 442 882 S.
464 846 599 887 HUGo,
614 847 713 892 prior
726 847 769 880 de
787 846 897 886 Maia,
918 845 975 879 vir
991 855 1142 890 magnae
1156 846 1357 880 sanctitatis
1375 850 1411 880 et
1428 845 1696 887 abstinendae?
1714 848 1767 881 in-

370 906 449 949 quit
479 903 768 939 Scotichronicon
796 903 856 937 lib.
889 911 930 936 X.
961 912 1037 946 cap.
1067 911 1185 936 XXVI.
1214 901 1386 937 Canonici
1414 903 1550 937 ordinis
1581 914 1767 938 ornamen-

369 967 471 1005 tum3
502 961 619 1006 patria
650 960 931 995 Dumblanensis
962 959 1128 999 traditur,
1158 965 1193 994 et
1223 959 1388 994 habitum
1415 961 1454 994 in
1489 959 1603 994 Scona
1635 961 1764 995 induit.

369 1019 519 1065 Scripsit

515 1076 587 1111 Pro
606 1076 795 1122 Regimine
814 1075 972 1109 Claustri
1257 1075 1318 1109 lib.
1339 1085 1364 1109 1.

414 1134 608 1179 Depositus
626 1133 806 1168 confessor
824 1144 918 1166 anno
938 1140 1142 1166 MCCLXIX.
1172 1133 1302 1167 colitur
1326 1134 1383 1167 die
1408 1142 1450 1167 11.
1475 1132 1625 1167 Januar.
1654 1132 1764 1168 Scoti-

366 1193 487 1227 chron.
541 1191 657 1226 Extat
674 1190 840 1225 officium.

688 1304 903 1340 ADAMUS
931 1303 1303 1339 HANGALISIDE.
1356 1303 1437 1339 645.

371 1421 552 1456 ADAMUS
571 1420 819 1466 Hangaliside,
838 1419 1013 1453 secundus
1038 1420 1138 1463 prior
1162 1419 1374 1454 carthusiae
1392 1419 1580 1454 Scotorum
1605 1421 1643 1455 in
1661 1421 1763 1456 Valle

364 1479 546 1518 Virtuosa,
567 1483 588 1498 ‘⁶
606 1478 668 1523 qui
688 1478 750 1511 diu
768 1482 803 1511 et
821 1476 1044 1511 sanctissime
1061 1477 1100 1510 in
1120 1477 1245 1511 ordine
1263 1483 1362 1512 trans
1380 1489 1478 1512 mare
1501 1478 1613 1519 stetit,
1627 1484 1663 1513 et
1680 1480 1761 1514 reli-

362 1537 561 1583 giosissime
575 1547 611 1570 se
625 1536 736 1581 gessit
750 1546 759 1568 :
780 1535 948 1569 successit
962 1534 1131 1576 Osualdo,
1147 1539 1182 1568 et
1196 1534 1354 1579 praefuit
1371 1536 1491 1569 decem
1509 1536 1645 1570 annis.”
1681 1537 1763 1572 Sco-

363 1594 584 1628 tichronicon
603 1593 663 1627 lib.
686 1601 770 1626 XVI.
790 1603 865 1636 cap.
886 1601 992 1626 xux.
1045 1590 1197 1637 Scripsit

511 1650 693 1690 Quaedam
713 1649 924 1694 Spiritualia
1253 1649 1315 1684 lib.
1337 1660 1362 1684 1.

411 1708 552 1743 Claruit
564 1719 657 1742 anno
671 1716 831 1741 MCDLx.
871 1706 1027 1741 Beatum
1038 1718 1120 1741 eum
1133 1706 1242 1742 habet
1254 1705 1341 1742 Vita
1352 1718 1416 1753 per
1430 1707 1623 1755 Hugonem
1638 1708 1761 1744 Stuar-

361 1772 439 1801 tum
457 1767 599 1811 scripta.

686 1879 945 1915 GEORGIUS
971 1878 1298 1914 HEPBURNUS.
1352 1878 1434 1914 646.

361 1998 575 2032 GEORGIUS
601 1997 833 2041 Hepburnus,
858 1995 1117 2030 Dominicanus
1143 1994 1392 2036 Deidonensis,
1420 2008 1514 2031 unus
1542 2008 1665 2031 eorum
1684 1998 1758 2042 qui,

361 2066 442 2089 cum
461 2055 690 2099 provincialis
709 2053 848 2087 Scotiae
875 2057 978 2094 esset,
1004 2053 1238 2087 monasticam
1262 2052 1487 2097 disciplinam
1512 2056 1675 2099 exemplo
1698 2066 1759 2099 po·

359 2113 432 2147 tius
449 2123 558 2157 quam
576 2116 763 2157 praecepto
781 2111 1036 2146 restituerunt:
1058 2121 1199 2145 summa
1216 2110 1414 2152 literatura,
1434 2123 1499 2147 nec
1516 2113 1653 2147 minore
1671 2114 1758 2152 zelo,

362 2170 451 2204 acris
465 2171 605 2216 judicii,
621 2169 742 2204 firmae
760 2169 974 2210 memoriae3
993 2173 1035 2203 ut
1052 2169 1165 2203 semel
1179 2168 1305 2208 dicam,
1320 2168 1377 2202 vir
1394 2173 1516 2204 tantus
1535 2169 1757 2210 describitur,

362 2231 538 2271 quantum
556 2227 617 2261 illa
635 2232 743 2267 aetas,
763 2226 877 2261 literis
894 2226 1103 2261 melioribus
1129 2225 1290 2270 sepultis,
1318 2224 1411 2261 ferre
1437 2232 1588 2272 poterat.
1641 2225 1758 2270 Scrip-

359 2285 406 2318 sit

500 2341 738 2376 Collectiones
757 2341 991 2388 Theologicas
1252 2340 1314 2374 lib.
1335 2349 1359 2373 1.

507 2398 568 2432 Ad
586 2398 731 2432 Fratres
749 2410 813 2443 pro
832 2398 1101 2433 Reformatione
1251 2398 1313 2433 lib.
1334 2407 1358 2431 1.

408 2453 547 2490 Claruit
565 2456 602 2490 in
620 2455 738 2490 Scotia
756 2467 851 2491 anno
871 2464 1102 2491 MCCCXXIV.
1154 2455 1258 2490 Hect.
1278 2454 1406 2490 Boeth.
