2060 2848
392 331 456 363 518
770 328 1010 365 'HlsTORIA
1033 331 1410 366 ECCLESIASTICA

395 426 465 460 lius
483 425 522 459 in
539 426 614 461 solo
631 437 697 462 suo
714 437 824 472 quam
841 426 880 460 in
902 426 1017 462 alieno
1043 428 1217 463 coalescit.
1270 426 1322 462 Et
1347 428 1443 462 hunc
1465 427 1608 473 quidem
1636 428 1795 473 primum

395 488 484 528 puto
510 495 596 525 esse,
623 485 685 530 qui
711 485 751 519 in
778 484 954 519 Hibernia
978 485 1189 532 sanguinem
1216 485 1361 521 Christo
1390 485 1601 531 profuderit.
1655 486 1796 527 Minus,

397 540 580 582 Leslaeus,
597 542 621 576 J
623 542 747 577 ocelin.
766 552 842 587 cap.
862 550 1014 576 LXXIII.
1066 541 1218 588 Scripsit

544 599 606 634 Ad
625 599 806 634 Hibernos
1244 600 1307 635 lib.
1328 609 1354 634 1.

546 656 619 691 Pro
636 656 800 692 Veritate
819 656 1004 691 Catholica
1247 658 1309 692 lib.
1329 667 1358 694 I.

446 713 579 748 Passus
598 718 651 748 est
669 725 763 748 anno
781 723 869 747 DIX.
892 722 955 747 aut
973 713 1142 748 decennio
1160 715 1285 749 serius.
1337 714 1479 750 Colitur
1503 725 1640 752 XXVII.
1667 717 1794 752 Octob.

398 771 474 806 Deo
492 771 559 805 sub
577 771 654 817 ejus
672 771 907 810 invocatione,
923 781 996 805 non
1014 771 1129 804 solum
1147 771 1186 805 in
1205 771 1325 806 Scotia
1341 776 1377 807 et
1396 771 1599 815 Hirlandia‚
1615 775 1676 809 sed
1690 776 1798 809 etiam

399 828 549 863 Rhemis
567 828 606 862 in
624 827 754 869 Gallia,
773 832 971 862 cernuntur
988 838 1107 862 sacrae
1125 828 1240 863 aedes.

889 942 926 977 S.
953 941 1172 979 OGANUS.
1222 945 1270 983 98
1276 945 1309 982 7.

395 1060 431 1095 S.
451 1060 638 1100 OGANUS,
656 1058 842 1104 episcopus
860 1058 1047 1105 dignitate,
1065 1058 1193 1094 Scotus
1210 1070 1351 1106 genere,
1378 1060 1417 1094 in
1441 1059 1705 1108 Martyrologio
1733 1061 1800 1097 Ca-

396 1118 480 1153 nisii
498 1117 721 1157 Germanico,
739 1128 834 1151 unus
852 1128 975 1151 eorum
993 1117 1055 1162 qui
1074 1121 1137 1151 aut
1154 1117 1297 1162 privato
1314 1117 1498 1164 religionis
1521 1119 1598 1153 zelo
1624 1120 1700 1154 loca
1726 1119 1800 1155 Do-

396 1176 548 1210 minicae
565 1174 751 1220 passionis,
778 1178 842 1208 aut
865 1173 928 1208 SS.
952 1175 1194 1219 apostolorum
1220 1175 1347 1209 limina
1369 1174 1531 1211 solebant
1553 1176 1711 1219 visitare,
1736 1182 1800 1212 aut

395 1233 537 1278 publica
561 1232 731 1267 missione
757 1232 795 1267 in
818 1232 982 1278 gentium
1007 1232 1274 1267 conversionem
1298 1232 1564 1268 incumbebant.
1618 1233 1728 1269 Hunc
1754 1235 1799 1269 ab

395 1290 574 1336 aliquibus
593 1289 797 1324 Hibernum
823 1289 893 1323 dici
917 1290 1067 1334 reperio,
1094 1289 1191 1335 quod.
1215 1290 1254 1324 in
1280 1289 1419 1324 Scotiae
1445 1289 1632 1325 Montanis
1658 1292 1800 1327 dicatur

396 1353 514 1389 natus,
533 1353 575 1383 ut
588 1347 673 1382 alibi
687 1358 791 1393 saepe
804 1358 814 1389 3
833 1358 898 1382 nec
912 1347 1033 1382 dicant
1047 1346 1218 1382 Hirlandi
1231 1347 1265 1382 O
1278 1348 1317 1382 in
1330 1348 1415 1382 solis
1427 1349 1720 1392 praenominibus
1733 1350 1800 1384 Hi-

396 1406 548 1440 bernicis
565 1406 791 1440 nobilitatem
808 1404 1020 1451 significare,
1038 1415 1123 1439 nam
1142 1409 1178 1439 et
1195 1404 1292 1440 Scoti
1311 1405 1398 1440 talia
1415 1405 1524 1440 etiam
1545 1405 1731 1449 habemus,
1758 1413 1801 1442 ut

400 1461 546 1510 Ogdby,
569 1460 758 1510 Oliphana
776 1463 917 1508 aliaque
934 1462 1058 1507 paria3
1090 1474 1195 1498 nemo
1217 1463 1452 1498 tamenadeo
1483 1464 1551 1499 erit
1576 1464 1736 1507 insanus,
1757 1470 1799 1500 ut

397 1532 455 1556 eas
472 1521 628 1556 familias
645 1532 718 1555 non
736 1519 867 1556 Scotici
886 1531 961 1554 esse
978 1521 1166 1567 sanguinis
1184 1521 1289 1555 dicet.

445 1578 577 1614 Annus
595 1579 765 1614 incertus.
810 1577 951 1613 Colitur
965 1586 1084 1612 XXVI.
1098 1586 1235 1612 XXVII.
1250 1577 1356 1613 Febr.
1405 1578 1710 1625 Martyrologium
1724 1580 1799 1615 lau-

397 1637 532 1671 (latum.

879 1750 915 1785 S.
943 1749 1181 1785 OGRINUS.
1234 1751 1319 1788 988.

398 1867 434 1902 S.
456 1868 656 1908 OGRINUS‚
675 1867 865 1912 episcopali
883 1870 919 1901 et
935 1866 1012 1911 ipse
1028 1866 1163 1900 honore
1177 1865 1380 1906 subvectus,
1400 1875 1445 1899 ex
1462 1865 1585 1900 eadem
1602 1865 1664 1900 illa
1682 1867 1798 1911 patria

398 1937 464 1960 sua
489 1926 608 1960 Scotia
633 1936 808 1972 egressus,
835 1935 955 1959 amore
980 1923 1049 1958 Dei
1075 1922 1191 1958 factus
1218 1923 1440 1969 peregrinus,
1465 1927 1632 1958 strenuus
1650 1923 1796 1959 Domini

398 1988 615 2028 cooperator,
633 1994 678 2018 ex
695 1994 818 2017 eorum
843 1982 1032 2016 Scotorum
1058 1992 1208 2015 numero
1233 1980 1345 2015 fuisse
1371 1981 1577 2021 censendus,
1603 1982 1733 2026 quibus
1760 1983 1797 2016 in

398 2040 524 2075 Galliis
544 2042 732 2076 domorum
752 2040 984 2085 hospitalium
1003 2050 1089 2073 cura
1106 2038 1355 2080 ineumbebat3
1387 2038 1528 2083 quibus,
1546 2049 1628 2073 cum
1645 2051 1666 2073 a
1683 2039 1797 2074 Scotis

398 2099 560 2143 patribus
579 2103 714 2132 erectae
731 2097 896 2138 fuissent,
915 2097 981 2131 soli
999 2095 1106 2136 Scoti,
1125 2100 1232 2141 atque
1249 2097 1302 2130 illi
1319 2096 1510 2142 peregrini,
1525 2096 1797 2141 recipiebantur,

398 2156 491 2190 utin
505 2155 665 2190 Concilio
680 2155 855 2189 Meldensi
869 2165 945 2199 cap.
960 2163 1029 2188 XL.
1064 2153 1214 2188 Nudum
1230 2165 1360 2188 nomen
1373 2153 1463 2187 mihi
1477 2152 1643 2188 Canisius
1657 2154 1695 2187 in
1710 2153 1797 2188 Ger-

400 2214 539 2247 manico
557 2213 819 2259 Martyrologio
837 2212 1020 2253 indicavit,
1037 2222 1114 2253 nec,
1132 2223 1216 2257 prae
1234 2211 1407 2246 librorum
1425 2211 1587 2256 penuria,
1601 2211 1704 2255 plura
1718 2222 1796 2256 per-

400 2274 519 2315 specta
536 2270 666 2304 habere
682 2270 795 2315 potui.

448 2327 578 2362 Annus
596 2328 763 2363 incertus.
816 2327 958 2362 Colitur
976 2336 1077 2362 XXV.
1097 2327 1298 2362 Februarii.
1352 2326 1530 2361 Canisius.
