2118 2854
365 319 429 351 364
744 320 976 353 HISTORIA
1000 319 1373 352 ECCLESIASTICA

520 414 647 460 Sipher
665 415 868 449 Kacabbola
881 414 927 448 R.
941 413 1123 448 Abraham
1140 414 1289 447 Levitae
1308 413 1350 447 F.
1366 411 1487 446 David
1500 412 1610 447 vertit
1624 423 1633 453 ;
1653 424 1757 458 quern

566 473 697 507 librum
716 477 854 506 vertere
872 472 1024 512 volebat,
1044 476 1079 506 et
1100 471 1231 506 Latina
1250 470 1396 504 civitate
1413 470 1555 510 donare,
1573 469 1755 505 Gilbertus

564 530 824 570 Genebrardus,
843 530 905 564 sed
922 540 1017 563 mors
1035 528 1231 573 praevenit.

516 587 710 632 Epitomen
729 587 987 621 Chronicorum
1006 586 1251 620 Romanorum
1550 584 1611 618 lib.
1632 594 1657 618 1.

516 644 625 679 Gesta
642 644 782 690 Regum
803 643 955 683 Israelis,
974 644 1109 677 incerto
1127 646 1283 682 auctore,
1549 642 1610 675 lib.
1631 650 1656 675 1.

513 701 642 737 Varias
661 701 906 735 Rabbinorum
925 700 1107 744 Epistolas
1545 699 1607 733 lib.
1628 708 1655 732 1.

511 758 815 793 Commentatores
834 758 951 792 Rabbi
969 757 1105 797 Quinhi
1123 756 1162 789 in
1180 755 1395 789 Psalterium
1546 756 1607 790 lib.
1629 765 1653 789 1.

513 815 730 861 Synonyma,
749 827 839 859 quae
857 816 894 848 in
914 815 1040 848 Bibliis
1058 813 1246 853 habentur,
1548 813 1609 847 lib.
1630 823 1656 847 Ι.

513 871 669 906 Simmus
689 872 868 912 Tehillim,
889 872 925 905 id
943 877 1007 911 est,
1027 871 1252 904 Psalmorum
1272 870 1528 911 Ministerium,
1546 871 1608 906 lib.
1629 881 1654 905 1.

415 930 512 964 Haec
531 930 589 963 ille
606 930 774 963 secularis
793 929 924 963 Latina
942 929 1137 962 donaverat
1161 928 1316 967 civitate,
1344 934 1379 962 et
1405 929 1601 963 monastico
1626 929 1752 963 habitu

362 992 503 1032 sumpto
521 988 625 1031 plura
641 988 837 1021 transtulit.

509 1044 643 1089 Sepher
659 1044 683 1077 J
685 1045 790 1084 ezira,
808 1044 911 1079 Artis
929 1043 1162 1078 Cabalisticae
1180 1042 1375 1087 Principia,
1543 1045 1604 1078 lib.
1625 1054 1651 1078 Ι.

510 1102 708 1136 Historiam
726 1101 750 1135 J
752 1102 854 1136 udith
1544 1102 1606 1135 lib.
1628 1111 1652 1135 Ι.

508 1160 551 1194 R.
569 1160 767 1193 Salomonis
786 1159 827 1193 F.
847 1159 951 1199 Atar,
971 1163 1006 1192 et
1023 1158 1068 1192 R.
1089 1157 1188 1191 Isaac
1206 1157 1348 1198 Leonis,
1546 1159 1607 1193 lib.
1628 1169 1652 1192 1.

506 1217 789 1252 Commentarios
807 1218 845 1250 in
862 1217 1081 1262 Decalogum
1543 1216 1604 1250 lib.
1626 1225 1651 1249 1.

505 1274 683 1309 Libellum
703 1275 745 1308 de
764 1274 876 1308 Obitu
893 1266 1048 1307 Aaronis
1066 1278 1101 1307 et
1120 1272 1257 1317 Moysis
1541 1274 1602 1307 lib.
1624 1283 1649 1307 1.

505 1331 682 1366 Chronica
700 1332 838 1376 Moysis
856 1331 1088 1377 Legislatoris
1545 1331 1605 1365 lib.
1627 1341 1651 1365 Ι.

503 1388 654 1422 Librum
673 1389 807 1422 Tobiae
1544 1389 1604 1422 lib.
1626 1397 1651 1422 1.

507 1446 658 1480 Librum
677 1445 795 1479 Eldad
814 1446 856 1478 de
875 1445 990 1479 Tribu
1007 1445 1090 1480 Dan
1542 1446 1603 1480 lib.
1624 1456 1649 1480 1.

506 1503 698 1537 Parabolas
716 1502 909 1543 Sandabar,
928 1504 965 1536 in
984 1515 1054 1548 quo
1073 1503 1182 1537 Gesta
1200 1512 1272 1536 V11.
1292 1502 1515 1547 Sapientum,
1542 1504 1603 1537 lib.
1624 1513 1650 1537 1.

505 1561 699 1594 Proverbia
718 1570 754 1593 L.
774 1560 1041 1604 Discipulorum
1543 1561 1604 1595 lib.
1625 1570 1650 1594 1.

504 1618 655 1652 Librum
675 1617 824 1651 Henoch
1542 1619 1602 1652 lib.
1623 1628 1648 1652 Ι.

507 1675 615 1709 Saare
635 1674 860 1714 Hiazzedele,
880 1675 916 1708 id
934 1679 997 1714 est,
1017 1675 1144 1709 Portas
1162 1675 1186 1708 J
1188 1676 1343 1715 ustitiae,
1540 1676 1601 1710 lib.
1622 1686 1647 1710 Ι.

506 1733 669 1767 Officium
689 1731 733 1765 B.
753 1731 926 1777 Virginis,
946 1737 981 1766 et
1000 1732 1165 1777 Hymnos
1185 1733 1381 1767 Hebraicos
1400 1733 1493 1773 feeit,
1541 1734 1601 1768 lib.
1623 1743 1647 1767 1.

505 1791 653 1824 Schema
684 1798 818 1823 LXXII.
854 1789 1093 1830 Idiomatum3
1129 1790 1214 1834 quia
1244 1790 1357 1824 Beata
1386 1790 1501 1836 Virgo
1531 1791 1662 1825 dicitur
1693 1797 1745 1826 tot

551 1848 654 1882 annis
689 1848 727 1881 in
762 1847 855 1880 vivis
885 1846 1006 1887 fuisse,
1041 1851 1076 1881 et
1106 1848 1165 1881 ille
1199 1859 1368 1882 numerus
1403 1849 1657 1893 discipulorum
1694 1855 1747 1883 est

554 1905 701 1944 Christi,
732 1909 766 1938 et
799 1904 834 1938 S.
863 1904 909 1938 R.
935 1903 981 1938 E.
1009 1905 1252 1945 cardinalium,
1282 1910 1317 1939 et
1343 1909 1397 1939 tot
1423 1906 1593 1950 mysteria
1621 1906 1658 1940 in
1684 1918 1746 1940 no-

551 1963 647 1996 mine
664 1962 744 1996 Dei.

406 2021 529 2055 Induit
545 2020 758 2054 monachum
777 2019 964 2053 Avenione
990 2031 1083 2054 anno
1102 2029 1256 2054 MLXIX.
1283 2020 1375 2054 vixit
1399 2020 1534 2055 Romae
1557 2021 1595 2054 in
1621 2032 1744 2056 coeno-

357 2080 414 2113 bio
432 2078 567 2113 Gallico
586 2078 646 2112 SS.
668 2077 859 2111 Trinitatis
878 2078 922 2111 ad
941 2077 1103 2112 Mentem
1122 2079 1224 2112 annis
1243 2088 1281 2112 V.
1300 2079 1475 2124 privatus,
1494 2087 1547 2112 VI.
1567 2079 1743 2123 sequenti-

357 2137 421 2170 bus
440 2136 541 2170 annis
560 2136 660 2169 libris
678 2135 917 2169 Orientalium
934 2135 1137 2181 linguarum
1157 2136 1195 2169 in
1212 2135 1388 2170 Vaticana
1413 2136 1627 2170 bibliotheca
1643 2147 1743 2180 prae-

355 2194 502 2237 positus.
555 2194 655 2227 Obiit
686 2192 847 2227 Venetiis
875 2193 941 2227 hoc
970 2193 1048 2237 ipso
1078 2205 1170 2227 anno
1203 2202 1366 2227 MDCXX.
1399 2205 1469 2238 quo
1500 2194 1585 2227 haec
1614 2194 1739 2233 scribo,

356 2251 499 2284 ineunte
525 2251 700 2284 Octobre:
727 2262 767 2284 eo
794 2262 830 2284 se
854 2252 1063 2291 contulerat,
1091 2256 1132 2285 ut
1159 2262 1265 2295 opera
1291 2251 1463 2296 quaedam
1483 2250 1639 2294 Syriaca,
1669 2250 1742 2284 He-

355 2308 486 2347 braica,
504 2311 539 2341 et
558 2307 747 2341 Chaldaica
764 2308 801 2341 in
819 2308 1037 2352 posteritatis
1065 2314 1312 2342 ornamentum
1339 2312 1375 2341 et
1398 2307 1645 2351 compendium
1665 2309 1742 2341 vul-

354 2370 465 2410 garet.
520 2364 688 2399 Meminit
707 2376 785 2398 cum
805 2365 938 2399 honore
956 2365 1033 2410 ejus
1057 2366 1182 2400 Comes
1208 2365 1418 2399 Vincentius
1441 2364 1607 2404 Blancus,
1632 2366 1742 2408 patri-

355 2422 429 2455 cius
450 2421 620 2461 Venetus,
639 2422 675 2455 in
694 2433 798 2466 opere
817 2422 859 2455 de
878 2421 1009 2456 Literis
1027 2423 1063 2456 in
1084 2423 1275 2456 Manubrio
1294 2422 1436 2456 Cultelli
1455 2421 1491 2455 S.
1510 2420 1620 2455 Petri.
