<?xml version="1.0" encoding="UTF-8"?>
<!DOCTYPE html PUBLIC "-//W3C//DTD XHTML 1.0 Transitional//EN"
    "http://www.w3.org/TR/xhtml1/DTD/xhtml1-transitional.dtd">
<html xmlns="http://www.w3.org/1999/xhtml" xml:lang="en" lang="en">
 <head>
  <title>
</title>
<meta http-equiv="Content-Type" content="text/html;charset=utf-8" />
  <meta name='ocr-system' content='tesseract 3.04.00' />
  <meta name='ocr-capabilities' content='ocr_page ocr_carea ocr_par ocr_line ocrx_word'/>
</head>
<body>
  <div class='ocr_page' id='page_1' title='image "./thomaedempster2102dempuoft_0173.png"; bbox 0 0 2060 2848; ppageno 0'>
   <div class='ocr_carea' id='block_1_1' title="bbox 655 312 1713 351">
    <p class='ocr_par' dir='ltr' id='par_1_1' title="bbox 655 312 1713 351">
     <span class='ocr_line' id='line_1_1' title="bbox 655 312 1713 351; baseline -0.001 -5"><span class='ocrx_word' id='word_1_1' title='bbox 655 312 830 346; x_wconf 86' lang='lat' dir='ltr'><strong>GENTIS</strong></span> <span class='ocrx_word' id='word_1_2' title='bbox 853 312 1132 351; x_wconf 85' lang='lat' dir='ltr'><strong>SCOTORUM,</strong></span> <span class='ocrx_word' id='word_1_3' title='bbox 1156 313 1245 346; x_wconf 92' lang='lat' dir='ltr'><strong>LIB.</strong></span> <span class='ocrx_word' id='word_1_4' title='bbox 1271 314 1371 347; x_wconf 89' lang='lat' dir='ltr'><strong>XIII.</strong></span> <span class='ocrx_word' id='word_1_5' title='bbox 1649 316 1713 346; x_wconf 76' lang='lat'><strong>503</strong></span> 
     </span>
    </p>
   </div>
   <div class='ocr_carea' id='block_1_2' title="bbox 795 461 1246 514">
    <p class='ocr_par' dir='ltr' id='par_1_2' title="bbox 795 461 1246 514">
     <span class='ocr_line' id='line_1_2' title="bbox 795 461 1246 514; baseline -0.002 -17"><span class='ocrx_word' id='word_1_6' title='bbox 795 463 832 514; x_wconf 77' lang='lat' dir='ltr'><strong>s.</strong></span> <span class='ocrx_word' id='word_1_7' title='bbox 860 461 1111 497; x_wconf 82' lang='lat' dir='ltr'><strong>NovATUS.</strong></span> <span class='ocrx_word' id='word_1_8' title='bbox 1163 464 1246 500; x_wconf 84' lang='lat'><strong>955.</strong></span> 
     </span>
    </p>
   </div>
   <div class='ocr_carea' id='block_1_3' title="bbox 323 575 1712 2439">
    <p class='ocr_par' dir='ltr' id='par_1_3' title="bbox 323 575 1712 2439">
     <span class='ocr_line' id='line_1_3' title="bbox 324 575 1709 621; baseline 0 -11"><span class='ocrx_word' id='word_1_9' title='bbox 324 577 361 611; x_wconf 92' lang='lat' dir='ltr'><strong>S.</strong></span> <span class='ocrx_word' id='word_1_10' title='bbox 380 576 416 610; x_wconf 93' lang='lat' dir='ltr'>N</span> <span class='ocrx_word' id='word_1_11' title='bbox 419 585 588 616; x_wconf 82' lang='lat' dir='ltr'><strong>OVATUS,</strong></span> <span class='ocrx_word' id='word_1_12' title='bbox 611 577 677 610; x_wconf 88' lang='lat' dir='ltr'><strong>etsi</strong></span> <span class='ocrx_word' id='word_1_13' title='bbox 702 576 886 610; x_wconf 88' lang='lat' dir='ltr'><strong>Romanus</strong></span> <span class='ocrx_word' id='word_1_14' title='bbox 908 575 1083 610; x_wconf 79' lang='lat' dir='ltr'><strong>habeatur</strong></span> <span class='ocrx_word' id='word_1_15' title='bbox 1099 579 1193 616; x_wconf 88' lang='lat' dir='ltr'><strong>ortu,</strong></span> <span class='ocrx_word' id='word_1_16' title='bbox 1211 580 1342 617; x_wconf 89' lang='lat' dir='ltr'><strong>tamen,</strong></span> <span class='ocrx_word' id='word_1_17' title='bbox 1360 577 1446 621; x_wconf 87' lang='lat' dir='ltr'><strong>quia</strong></span> <span class='ocrx_word' id='word_1_18' title='bbox 1463 580 1576 611; x_wconf 89' lang='lat' dir='ltr'><strong>matre</strong></span> <span class='ocrx_word' id='word_1_19' title='bbox 1595 576 1709 615; x_wconf 89' lang='lat' dir='ltr'><strong>Scota‚</strong></span> 
     </span>
     <span class='ocr_line' id='line_1_4' title="bbox 324 632 1708 679; baseline 0 -12"><span class='ocrx_word' id='word_1_20' title='bbox 324 633 473 667; x_wconf 86' lang='lat' dir='ltr'><strong>Claudia</strong></span> <span class='ocrx_word' id='word_1_21' title='bbox 496 633 638 673; x_wconf 87' lang='lat' dir='ltr'><strong>scilicet,</strong></span> <span class='ocrx_word' id='word_1_22' title='bbox 662 634 816 679; x_wconf 89' lang='lat' dir='ltr'><strong>genitus,</strong></span> <span class='ocrx_word' id='word_1_23' title='bbox 844 638 885 667; x_wconf 91' lang='lat' dir='ltr'><strong>ut</strong></span> <span class='ocrx_word' id='word_1_24' title='bbox 911 633 971 667; x_wconf 89' lang='lat' dir='ltr'><strong>lib.</strong></span> <span class='ocrx_word' id='word_1_25' title='bbox 996 641 1056 666; x_wconf 94' lang='lat'><strong>111.</strong></span> <span class='ocrx_word' id='word_1_26' title='bbox 1083 632 1149 666; x_wconf 90' lang='lat' dir='ltr'><strong>hoc</strong></span> <span class='ocrx_word' id='word_1_27' title='bbox 1174 644 1279 677; x_wconf 89' lang='lat' dir='ltr'><strong>opere</strong></span> <span class='ocrx_word' id='word_1_28' title='bbox 1304 644 1412 678; x_wconf 90' lang='lat' dir='ltr'><strong>supra</strong></span> <span class='ocrx_word' id='word_1_29' title='bbox 1437 634 1627 678; x_wconf 87' lang='lat' dir='ltr'><strong>probatum</strong></span> <span class='ocrx_word' id='word_1_30' title='bbox 1644 638 1708 673; x_wconf 87' lang='lat' dir='ltr'><strong>est,</strong></span> 
     </span>
     <span class='ocr_line' id='line_1_5' title="bbox 324 689 1710 736; baseline 0 -12"><span class='ocrx_word' id='word_1_31' title='bbox 324 691 445 724; x_wconf 73' lang='lat' dir='ltr'><strong>locum·</strong></span> <span class='ocrx_word' id='word_1_32' title='bbox 458 690 516 724; x_wconf 90' lang='lat' dir='ltr'><strong>hic</strong></span> <span class='ocrx_word' id='word_1_33' title='bbox 535 691 573 724; x_wconf 93' lang='lat' dir='ltr'><strong>in</strong></span> <span class='ocrx_word' id='word_1_34' title='bbox 591 692 856 724; x_wconf 83' lang='lat' dir='ltr'><strong>nomenclatura</strong></span> <span class='ocrx_word' id='word_1_35' title='bbox 872 690 1037 723; x_wconf 82' lang='lat' dir='ltr'><strong>habebit:</strong></span> <span class='ocrx_word' id='word_1_36' title='bbox 1059 689 1102 723; x_wconf 91' lang='lat' dir='ltr'><strong>de</strong></span> <span class='ocrx_word' id='word_1_37' title='bbox 1127 701 1168 723; x_wconf 93' lang='lat' dir='ltr'><strong>eo</strong></span> <span class='ocrx_word' id='word_1_38' title='bbox 1192 690 1254 734; x_wconf 90' lang='lat' dir='ltr'><strong>qui</strong></span> <span class='ocrx_word' id='word_1_39' title='bbox 1272 691 1376 734; x_wconf 87' lang='lat' dir='ltr'><strong>plura</strong></span> <span class='ocrx_word' id='word_1_40' title='bbox 1393 691 1491 735; x_wconf 90' lang='lat' dir='ltr'><strong>cupit</strong></span> <span class='ocrx_word' id='word_1_41' title='bbox 1508 691 1603 736; x_wconf 89' lang='lat' dir='ltr'><strong>legat</strong></span> <span class='ocrx_word' id='word_1_42' title='bbox 1620 690 1710 724; x_wconf 88' lang='lat' dir='ltr'><strong>Con-</strong></span> 
     </span>
     <span class='ocr_line' id='line_1_6' title="bbox 324 746 1711 792; baseline 0.001 -12"><span class='ocrx_word' id='word_1_43' title='bbox 324 747 404 780; x_wconf 90' lang='lat' dir='ltr'><strong>cilia</strong></span> <span class='ocrx_word' id='word_1_44' title='bbox 423 747 586 781; x_wconf 87' lang='lat' dir='ltr'><strong>Romana</strong></span> <span class='ocrx_word' id='word_1_45' title='bbox 603 747 669 781; x_wconf 91' lang='lat' dir='ltr'><strong>sub</strong></span> <span class='ocrx_word' id='word_1_46' title='bbox 687 747 900 792; x_wconf 85' lang='lat' dir='ltr'><strong>Symmacho</strong></span> <span class='ocrx_word' id='word_1_47' title='bbox 926 757 1028 790; x_wconf 88' lang='lat' dir='ltr'><strong>papa,</strong></span> <span class='ocrx_word' id='word_1_48' title='bbox 1057 751 1092 780; x_wconf 89' lang='lat' dir='ltr'><strong>et</strong></span> <span class='ocrx_word' id='word_1_49' title='bbox 1118 746 1336 791; x_wconf 85' lang='lat' dir='ltr'><strong>Raphaelem</strong></span> <span class='ocrx_word' id='word_1_50' title='bbox 1361 747 1578 791; x_wconf 91' lang='lat' dir='ltr'><strong>Maphaeum</strong></span> <span class='ocrx_word' id='word_1_51' title='bbox 1605 746 1711 781; x_wconf 87' lang='lat' dir='ltr'><strong>Vola-</strong></span> 
     </span>
     <span class='ocr_line' id='line_1_7' title="bbox 324 802 1710 838; baseline 0 -1"><span class='ocrx_word' id='word_1_52' title='bbox 324 808 532 837; x_wconf 88' lang='lat' dir='ltr'><strong>terrannum</strong></span> <span class='ocrx_word' id='word_1_53' title='bbox 558 804 619 837; x_wconf 92' lang='lat' dir='ltr'><strong>lib.</strong></span> <span class='ocrx_word' id='word_1_54' title='bbox 645 812 766 837; x_wconf 84' lang='lat' dir='ltr'><strong>XVIII.</strong></span> <span class='ocrx_word' id='word_1_55' title='bbox 793 804 831 837; x_wconf 92' lang='lat' dir='ltr'><strong>in</strong></span> <span class='ocrx_word' id='word_1_56' title='bbox 856 803 935 837; x_wconf 90' lang='lat' dir='ltr'><strong>fine.</strong></span> <span class='ocrx_word' id='word_1_57' title='bbox 981 802 1085 836; x_wconf 88' lang='lat' dir='ltr'><strong>Joan.</strong></span> <span class='ocrx_word' id='word_1_58' title='bbox 1105 802 1240 837; x_wconf 88' lang='lat' dir='ltr'><strong>Molan.</strong></span> <span class='ocrx_word' id='word_1_59' title='bbox 1258 803 1445 838; x_wconf 89' lang='lat' dir='ltr'><strong>Addition.</strong></span> <span class='ocrx_word' id='word_1_60' title='bbox 1472 803 1628 838; x_wconf 88' lang='lat' dir='ltr'><strong>Usuard.</strong></span> <span class='ocrx_word' id='word_1_61' title='bbox 1654 804 1710 837; x_wconf 90' lang='lat' dir='ltr'><strong>die</strong></span> 
     </span>
     <span class='ocr_line' id='line_1_8' title="bbox 323 859 1709 905; baseline 0 -12"><span class='ocrx_word' id='word_1_62' title='bbox 323 859 425 894; x_wconf 88' lang='lat' dir='ltr'><strong>Junii</strong></span> <span class='ocrx_word' id='word_1_63' title='bbox 444 870 515 894; x_wconf 85' lang='lat' dir='ltr'><strong>xx.</strong></span> <span class='ocrx_word' id='word_1_64' title='bbox 542 865 564 880; x_wconf 90' lang='lat'><strong>“</strong></span> <span class='ocrx_word' id='word_1_65' title='bbox 583 861 717 895; x_wconf 86' lang='lat' dir='ltr'><strong>Romae</strong></span> <span class='ocrx_word' id='word_1_66' title='bbox 735 861 908 905; x_wconf 88' lang='lat' dir='ltr'><strong>depositio</strong></span> <span class='ocrx_word' id='word_1_67' title='bbox 932 860 967 894; x_wconf 92' lang='lat' dir='ltr'><strong>S.</strong></span> <span class='ocrx_word' id='word_1_68' title='bbox 992 859 1126 894; x_wconf 90' lang='lat' dir='ltr'><strong>Novati</strong></span> <span class='ocrx_word' id='word_1_69' title='bbox 1144 859 1266 893; x_wconf 82' lang='lat' dir='ltr'><strong>fratris</strong></span> <span class='ocrx_word' id='word_1_70' title='bbox 1293 860 1475 895; x_wconf 83' lang='lat' dir='ltr'><strong>Timothei</strong></span> <span class='ocrx_word' id='word_1_71' title='bbox 1501 860 1709 905; x_wconf 85' lang='lat' dir='ltr'><strong>presbyteri,</strong></span> 
     </span>
     <span class='ocr_line' id='line_1_9' title="bbox 325 916 1710 962; baseline -0.001 -10"><span class='ocrx_word' id='word_1_72' title='bbox 325 918 387 962; x_wconf 89' lang='lat' dir='ltr'><strong>qui</strong></span> <span class='ocrx_word' id='word_1_73' title='bbox 406 918 450 952; x_wconf 88' lang='lat' dir='ltr'><strong>ab</strong></span> <span class='ocrx_word' id='word_1_74' title='bbox 468 918 636 962; x_wconf 87' lang='lat' dir='ltr'><strong>apostolis</strong></span> <span class='ocrx_word' id='word_1_75' title='bbox 653 918 691 951; x_wconf 88' lang='lat' dir='ltr'><strong>in</strong></span> <span class='ocrx_word' id='word_1_76' title='bbox 708 917 776 951; x_wconf 86' lang='lat' dir='ltr'><strong>fide</strong></span> <span class='ocrx_word' id='word_1_77' title='bbox 794 917 924 950; x_wconf 90' lang='lat' dir='ltr'><strong>eruditi</strong></span> <span class='ocrx_word' id='word_1_78' title='bbox 949 922 1044 951; x_wconf 90' lang='lat' dir='ltr'><strong>sunt.</strong></span> <span class='ocrx_word' id='word_1_79' title='bbox 1096 916 1238 950; x_wconf 90' lang='lat' dir='ltr'><strong>Horum</strong></span> <span class='ocrx_word' id='word_1_80' title='bbox 1262 928 1399 951; x_wconf 89' lang='lat' dir='ltr'><strong>sorores</strong></span> <span class='ocrx_word' id='word_1_81' title='bbox 1424 917 1571 951; x_wconf 84' lang='lat' dir='ltr'><strong>fuerunt</strong></span> <span class='ocrx_word' id='word_1_82' title='bbox 1597 916 1710 951; x_wconf 85' lang='lat' dir='ltr'><strong>Beata</strong></span> 
     </span>
     <span class='ocr_line' id='line_1_10' title="bbox 325 973 1706 1019; baseline -0.001 -10"><span class='ocrx_word' id='word_1_83' title='bbox 325 975 539 1009; x_wconf 90' lang='lat' dir='ltr'><strong>Potentiana</strong></span> <span class='ocrx_word' id='word_1_84' title='bbox 550 986 589 1008; x_wconf 90' lang='lat' dir='ltr'><strong>ac</strong></span> <span class='ocrx_word' id='word_1_85' title='bbox 602 974 786 1013; x_wconf 84' lang='lat' dir='ltr'><strong>Praxedis,</strong></span> <span class='ocrx_word' id='word_1_86' title='bbox 800 984 918 1007; x_wconf 86' lang='lat' dir='ltr'><strong>sacrae</strong></span> <span class='ocrx_word' id='word_1_87' title='bbox 931 974 1087 1018; x_wconf 87' lang='lat' dir='ltr'><strong>virgines</strong></span> <span class='ocrx_word' id='word_1_88' title='bbox 1101 973 1272 1008; x_wconf 88' lang='lat' dir='ltr'><strong>Christi.&#39;&#39;</strong></span> <span class='ocrx_word' id='word_1_89' title='bbox 1303 974 1538 1019; x_wconf 84' lang='lat' dir='ltr'><strong>Martyrolog.</strong></span> <span class='ocrx_word' id='word_1_90' title='bbox 1555 973 1706 1007; x_wconf 84' lang='lat' dir='ltr'><strong>Roman.</strong></span> 
     </span>
     <span class='ocr_line' id='line_1_11' title="bbox 326 1029 1708 1074; baseline -0.001 -9"><span class='ocrx_word' id='word_1_91' title='bbox 326 1032 446 1066; x_wconf 89' lang='lat' dir='ltr'><strong>eodem</strong></span> <span class='ocrx_word' id='word_1_92' title='bbox 465 1032 542 1064; x_wconf 80' lang='lat' dir='ltr'><strong>die:</strong></span> <span class='ocrx_word' id='word_1_93' title='bbox 567 1035 589 1050; x_wconf 91' lang='lat'><strong>“</strong></span> <span class='ocrx_word' id='word_1_94' title='bbox 606 1031 741 1064; x_wconf 84' lang='lat' dir='ltr'><strong>Romae</strong></span> <span class='ocrx_word' id='word_1_95' title='bbox 766 1030 938 1074; x_wconf 88' lang='lat' dir='ltr'><strong>depositio</strong></span> <span class='ocrx_word' id='word_1_96' title='bbox 962 1029 998 1063; x_wconf 87' lang='lat' dir='ltr'><strong>S.</strong></span> <span class='ocrx_word' id='word_1_97' title='bbox 1018 1029 1151 1064; x_wconf 89' lang='lat' dir='ltr'><strong>Novati</strong></span> <span class='ocrx_word' id='word_1_98' title='bbox 1175 1030 1238 1064; x_wconf 87' lang='lat' dir='ltr'><strong>filii</strong></span> <span class='ocrx_word' id='word_1_99' title='bbox 1265 1030 1301 1064; x_wconf 90' lang='lat' dir='ltr'><strong>S.</strong></span> <span class='ocrx_word' id='word_1_100' title='bbox 1327 1030 1500 1065; x_wconf 91' lang='lat' dir='ltr'><strong>Pudentis</strong></span> <span class='ocrx_word' id='word_1_101' title='bbox 1524 1030 1708 1069; x_wconf 87' lang='lat' dir='ltr'><strong>senatoris,</strong></span> 
     </span>
     <span class='ocr_line' id='line_1_12' title="bbox 325 1086 1705 1132; baseline -0.001 -11"><span class='ocrx_word' id='word_1_102' title='bbox 325 1093 361 1122; x_wconf 90' lang='lat' dir='ltr'><strong>et</strong></span> <span class='ocrx_word' id='word_1_103' title='bbox 387 1087 509 1121; x_wconf 87' lang='lat' dir='ltr'><strong>fratris</strong></span> <span class='ocrx_word' id='word_1_104' title='bbox 539 1086 575 1120; x_wconf 89' lang='lat' dir='ltr'><strong>S.</strong></span> <span class='ocrx_word' id='word_1_105' title='bbox 610 1087 792 1120; x_wconf 88' lang='lat' dir='ltr'><strong>Timothei</strong></span> <span class='ocrx_word' id='word_1_106' title='bbox 822 1086 1029 1130; x_wconf 86' lang='lat' dir='ltr'><strong>presbyteri,</strong></span> <span class='ocrx_word' id='word_1_107' title='bbox 1060 1091 1096 1120; x_wconf 90' lang='lat' dir='ltr'><strong>et</strong></span> <span class='ocrx_word' id='word_1_108' title='bbox 1125 1091 1327 1121; x_wconf 85' lang='lat' dir='ltr'><strong>sanctarum</strong></span> <span class='ocrx_word' id='word_1_109' title='bbox 1355 1087 1492 1121; x_wconf 85' lang='lat' dir='ltr'><strong>Christi</strong></span> <span class='ocrx_word' id='word_1_110' title='bbox 1523 1087 1705 1132; x_wconf 87' lang='lat' dir='ltr'><strong>virginum</strong></span> 
     </span>
     <span class='ocr_line' id='line_1_13' title="bbox 327 1142 1708 1186; baseline -0.001 -8"><span class='ocrx_word' id='word_1_111' title='bbox 327 1144 569 1178; x_wconf 88' lang='lat' dir='ltr'><strong>Pudentianae</strong></span> <span class='ocrx_word' id='word_1_112' title='bbox 587 1148 622 1178; x_wconf 87' lang='lat' dir='ltr'><strong>et</strong></span> <span class='ocrx_word' id='word_1_113' title='bbox 640 1143 823 1184; x_wconf 73' lang='lat' dir='ltr'><strong>meedis,</strong></span> <span class='ocrx_word' id='word_1_114' title='bbox 843 1143 905 1186; x_wconf 92' lang='lat' dir='ltr'><strong>qui</strong></span> <span class='ocrx_word' id='word_1_115' title='bbox 917 1142 961 1176; x_wconf 87' lang='lat' dir='ltr'><strong>ab</strong></span> <span class='ocrx_word' id='word_1_116' title='bbox 972 1143 1139 1186; x_wconf 91' lang='lat' dir='ltr'><strong>apostolis</strong></span> <span class='ocrx_word' id='word_1_117' title='bbox 1153 1144 1283 1177; x_wconf 90' lang='lat' dir='ltr'><strong>eruditi</strong></span> <span class='ocrx_word' id='word_1_118' title='bbox 1298 1145 1434 1177; x_wconf 89' lang='lat' dir='ltr'><strong>suntin</strong></span> <span class='ocrx_word' id='word_1_119' title='bbox 1447 1144 1525 1177; x_wconf 89' lang='lat' dir='ltr'><strong>fide.</strong></span> <span class='ocrx_word' id='word_1_120' title='bbox 1568 1143 1708 1177; x_wconf 91' lang='lat' dir='ltr'><strong>Horum</strong></span> 
     </span>
     <span class='ocr_line' id='line_1_14' title="bbox 326 1199 1710 1245; baseline -0.001 -10"><span class='ocrx_word' id='word_1_121' title='bbox 326 1202 451 1235; x_wconf 91' lang='lat' dir='ltr'><strong>domus</strong></span> <span class='ocrx_word' id='word_1_122' title='bbox 469 1202 507 1234; x_wconf 91' lang='lat' dir='ltr'><strong>in</strong></span> <span class='ocrx_word' id='word_1_123' title='bbox 524 1200 703 1234; x_wconf 89' lang='lat' dir='ltr'><strong>ecclesiam</strong></span> <span class='ocrx_word' id='word_1_124' title='bbox 722 1204 948 1240; x_wconf 79' lang='lat' dir='ltr'><strong>commutata,</strong></span> <span class='ocrx_word' id='word_1_125' title='bbox 969 1199 1127 1234; x_wconf 87' lang='lat' dir='ltr'><strong>Pastoris</strong></span> <span class='ocrx_word' id='word_1_126' title='bbox 1146 1200 1273 1234; x_wconf 85' lang='lat' dir='ltr'><strong>titulus</strong></span> <span class='ocrx_word' id='word_1_127' title='bbox 1291 1200 1524 1245; x_wconf 91' lang='lat' dir='ltr'><strong>appellatur.’&#39;</strong></span> <span class='ocrx_word' id='word_1_128' title='bbox 1566 1200 1710 1234; x_wconf 85' lang='lat' dir='ltr'><strong>Plenius</strong></span> 
     </span>
     <span class='ocr_line' id='line_1_15' title="bbox 325 1256 1712 1301; baseline -0.001 -9"><span class='ocrx_word' id='word_1_129' title='bbox 325 1258 433 1292; x_wconf 89' lang='lat' dir='ltr'><strong>etiam</strong></span> <span class='ocrx_word' id='word_1_130' title='bbox 453 1257 590 1296; x_wconf 85' lang='lat' dir='ltr'><strong>Pastor,</strong></span> <span class='ocrx_word' id='word_1_131' title='bbox 617 1257 768 1300; x_wconf 90' lang='lat' dir='ltr'><strong>scriptor</strong></span> <span class='ocrx_word' id='word_1_132' title='bbox 790 1257 958 1300; x_wconf 89' lang='lat' dir='ltr'><strong>antiquus</strong></span> <span class='ocrx_word' id='word_1_133' title='bbox 976 1260 1011 1290; x_wconf 85' lang='lat' dir='ltr'><strong>et</strong></span> <span class='ocrx_word' id='word_1_134' title='bbox 1028 1256 1188 1296; x_wconf 87' lang='lat' dir='ltr'><strong>illustris,</strong></span> <span class='ocrx_word' id='word_1_135' title='bbox 1213 1257 1308 1301; x_wconf 88' lang='lat' dir='ltr'><strong>apud</strong></span> <span class='ocrx_word' id='word_1_136' title='bbox 1333 1257 1498 1291; x_wconf 88' lang='lat' dir='ltr'><strong>Adonem</strong></span> <span class='ocrx_word' id='word_1_137' title='bbox 1522 1257 1712 1291; x_wconf 88' lang='lat' dir='ltr'><strong>Treviren-</strong></span> 
     </span>
     <span class='ocr_line' id='line_1_16' title="bbox 325 1312 1711 1359; baseline -0.002 -10"><span class='ocrx_word' id='word_1_138' title='bbox 325 1326 399 1349; x_wconf 89' lang='lat' dir='ltr'><strong>sem</strong></span> <span class='ocrx_word' id='word_1_139' title='bbox 429 1314 468 1347; x_wconf 90' lang='lat' dir='ltr'><strong>in</strong></span> <span class='ocrx_word' id='word_1_140' title='bbox 498 1313 758 1359; x_wconf 88' lang='lat' dir='ltr'><strong>Martyrologio</strong></span> <span class='ocrx_word' id='word_1_141' title='bbox 787 1324 864 1347; x_wconf 87' lang='lat' dir='ltr'><strong>suo.</strong></span> <span class='ocrx_word' id='word_1_142' title='bbox 921 1318 943 1333; x_wconf 92' lang='lat'><strong>“</strong></span> <span class='ocrx_word' id='word_1_143' title='bbox 969 1312 1025 1347; x_wconf 92' lang='lat' dir='ltr'><strong>De</strong></span> <span class='ocrx_word' id='word_1_144' title='bbox 1051 1312 1195 1347; x_wconf 89' lang='lat' dir='ltr'><strong>Novato</strong></span> <span class='ocrx_word' id='word_1_145' title='bbox 1225 1313 1346 1347; x_wconf 88' lang='lat' dir='ltr'><strong>scribit</strong></span> <span class='ocrx_word' id='word_1_146' title='bbox 1378 1314 1506 1348; x_wconf 88' lang='lat' dir='ltr'><strong>Pastor</strong></span> <span class='ocrx_word' id='word_1_147' title='bbox 1535 1314 1573 1347; x_wconf 90' lang='lat' dir='ltr'><strong>in</strong></span> <span class='ocrx_word' id='word_1_148' title='bbox 1602 1314 1711 1359; x_wconf 87' lang='lat' dir='ltr'><strong>gestis</strong></span> 
     </span>
     <span class='ocr_line' id='line_1_17' title="bbox 326 1370 1711 1416; baseline -0.001 -11"><span class='ocrx_word' id='word_1_149' title='bbox 326 1371 559 1406; x_wconf 87' lang='lat' dir='ltr'><strong>Potentianae</strong></span> <span class='ocrx_word' id='word_1_150' title='bbox 586 1375 621 1405; x_wconf 90' lang='lat' dir='ltr'><strong>et</strong></span> <span class='ocrx_word' id='word_1_151' title='bbox 651 1370 823 1404; x_wconf 86' lang='lat' dir='ltr'><strong>Praxedis</strong></span> <span class='ocrx_word' id='word_1_152' title='bbox 851 1370 1033 1416; x_wconf 90' lang='lat' dir='ltr'><strong>virginum</strong></span> <span class='ocrx_word' id='word_1_153' title='bbox 1060 1370 1105 1403; x_wconf 90' lang='lat' dir='ltr'><strong>ad</strong></span> <span class='ocrx_word' id='word_1_154' title='bbox 1127 1370 1347 1414; x_wconf 90' lang='lat' dir='ltr'><strong>praedictum</strong></span> <span class='ocrx_word' id='word_1_155' title='bbox 1378 1370 1608 1405; x_wconf 89' lang='lat' dir='ltr'><strong>Timotheum</strong></span> <span class='ocrx_word' id='word_1_156' title='bbox 1634 1381 1711 1416; x_wconf 86' lang='lat' dir='ltr'><strong>ger-</strong></span> 
     </span>
     <span class='ocr_line' id='line_1_18' title="bbox 327 1425 1711 1473; baseline 0.001 -13"><span class='ocrx_word' id='word_1_157' title='bbox 327 1437 472 1460; x_wconf 87' lang='lat' dir='ltr'><strong>manum</strong></span> <span class='ocrx_word' id='word_1_158' title='bbox 490 1426 578 1471; x_wconf 87' lang='lat' dir='ltr'><strong>ejus.</strong></span> <span class='ocrx_word' id='word_1_159' title='bbox 630 1425 853 1460; x_wconf 90' lang='lat' dir='ltr'><strong>Venerabilis</strong></span> <span class='ocrx_word' id='word_1_160' title='bbox 871 1426 973 1472; x_wconf 88' lang='lat' dir='ltr'><strong>virgo</strong></span> <span class='ocrx_word' id='word_1_161' title='bbox 997 1426 1179 1467; x_wconf 76' lang='lat' dir='ltr'><strong>Praxeffls,</strong></span> <span class='ocrx_word' id='word_1_162' title='bbox 1202 1431 1283 1471; x_wconf 84' lang='lat' dir='ltr'><strong>post</strong></span> <span class='ocrx_word' id='word_1_163' title='bbox 1308 1428 1498 1461; x_wconf 86' lang='lat' dir='ltr'><strong>transitum</strong></span> <span class='ocrx_word' id='word_1_164' title='bbox 1524 1438 1711 1473; x_wconf 88' lang='lat' dir='ltr'><strong>germanae</strong></span> 
     </span>
     <span class='ocr_line' id='line_1_19' title="bbox 327 1482 1711 1528; baseline 0.001 -12"><span class='ocrx_word' id='word_1_165' title='bbox 327 1494 411 1517; x_wconf 90' lang='lat' dir='ltr'><strong>suae</strong></span> <span class='ocrx_word' id='word_1_166' title='bbox 429 1482 672 1522; x_wconf 85' lang='lat' dir='ltr'><strong>Potentianae,</strong></span> <span class='ocrx_word' id='word_1_167' title='bbox 691 1483 793 1516; x_wconf 87' lang='lat' dir='ltr'><strong>valde</strong></span> <span class='ocrx_word' id='word_1_168' title='bbox 806 1482 934 1516; x_wconf 87' lang='lat' dir='ltr'><strong>afflicta</strong></span> <span class='ocrx_word' id='word_1_169' title='bbox 945 1487 1042 1523; x_wconf 80' lang='lat' dir='ltr'><strong>erat3</strong></span> <span class='ocrx_word' id='word_1_170' title='bbox 1068 1484 1112 1517; x_wconf 91' lang='lat' dir='ltr'><strong>ad</strong></span> <span class='ocrx_word' id='word_1_171' title='bbox 1132 1495 1239 1528; x_wconf 90' lang='lat' dir='ltr'><strong>quam</strong></span> <span class='ocrx_word' id='word_1_172' title='bbox 1257 1485 1505 1518; x_wconf 88' lang='lat' dir='ltr'><strong>consolandam</strong></span> <span class='ocrx_word' id='word_1_173' title='bbox 1523 1484 1711 1518; x_wconf 89' lang='lat' dir='ltr'><strong>veniebant</strong></span> 
     </span>
     <span class='ocr_line' id='line_1_20' title="bbox 327 1538 1710 1585; baseline 0.001 -12"><span class='ocrx_word' id='word_1_174' title='bbox 327 1540 432 1573; x_wconf 90' lang='lat' dir='ltr'><strong>multi</strong></span> <span class='ocrx_word' id='word_1_175' title='bbox 464 1539 598 1573; x_wconf 88' lang='lat' dir='ltr'><strong>nobiles</strong></span> <span class='ocrx_word' id='word_1_176' title='bbox 631 1538 840 1579; x_wconf 87' lang='lat' dir='ltr'><strong>Christiani,</strong></span> <span class='ocrx_word' id='word_1_177' title='bbox 877 1539 983 1573; x_wconf 90' lang='lat' dir='ltr'><strong>simul</strong></span> <span class='ocrx_word' id='word_1_178' title='bbox 1010 1551 1092 1573; x_wconf 92' lang='lat' dir='ltr'><strong>cum</strong></span> <span class='ocrx_word' id='word_1_179' title='bbox 1123 1540 1158 1574; x_wconf 86' lang='lat' dir='ltr'><strong>S.</strong></span> <span class='ocrx_word' id='word_1_180' title='bbox 1187 1540 1253 1574; x_wconf 92' lang='lat' dir='ltr'><strong>Pio</strong></span> <span class='ocrx_word' id='word_1_181' title='bbox 1285 1541 1471 1584; x_wconf 88' lang='lat' dir='ltr'><strong>episcopo;</strong></span> <span class='ocrx_word' id='word_1_182' title='bbox 1506 1542 1600 1575; x_wconf 91' lang='lat' dir='ltr'><strong>inter</strong></span> <span class='ocrx_word' id='word_1_183' title='bbox 1622 1552 1710 1585; x_wconf 92' lang='lat' dir='ltr'><strong>quos</strong></span> 
     </span>
     <span class='ocr_line' id='line_1_21' title="bbox 327 1595 1711 1642; baseline 0.001 -13"><span class='ocrx_word' id='word_1_184' title='bbox 327 1607 516 1642; x_wconf 90' lang='lat' dir='ltr'><strong>germanus</strong></span> <span class='ocrx_word' id='word_1_185' title='bbox 535 1600 653 1630; x_wconf 86' lang='lat' dir='ltr'><strong>vester</strong></span> <span class='ocrx_word' id='word_1_186' title='bbox 671 1595 846 1635; x_wconf 88' lang='lat' dir='ltr'><strong>Novatus,</strong></span> <span class='ocrx_word' id='word_1_187' title='bbox 865 1600 899 1629; x_wconf 92' lang='lat' dir='ltr'><strong>et</strong></span> <span class='ocrx_word' id='word_1_188' title='bbox 917 1596 978 1640; x_wconf 91' lang='lat' dir='ltr'><strong>qui</strong></span> <span class='ocrx_word' id='word_1_189' title='bbox 997 1601 1050 1631; x_wconf 89' lang='lat' dir='ltr'><strong>est</strong></span> <span class='ocrx_word' id='word_1_190' title='bbox 1067 1596 1177 1631; x_wconf 88' lang='lat' dir='ltr'><strong>frater</strong></span> <span class='ocrx_word' id='word_1_191' title='bbox 1193 1601 1316 1631; x_wconf 88' lang='lat' dir='ltr'><strong>noster</strong></span> <span class='ocrx_word' id='word_1_192' title='bbox 1333 1598 1371 1630; x_wconf 93' lang='lat' dir='ltr'><strong>in</strong></span> <span class='ocrx_word' id='word_1_193' title='bbox 1388 1597 1554 1638; x_wconf 91' lang='lat' dir='ltr'><strong>Domino,</strong></span> <span class='ocrx_word' id='word_1_194' title='bbox 1580 1599 1711 1642; x_wconf 88' lang='lat' dir='ltr'><strong>quique</strong></span> 
     </span>
     <span class='ocr_line' id='line_1_22' title="bbox 328 1652 1712 1699; baseline 0.001 -12"><span class='ocrx_word' id='word_1_195' title='bbox 328 1654 459 1687; x_wconf 89' lang='lat' dir='ltr'><strong>multos</strong></span> <span class='ocrx_word' id='word_1_196' title='bbox 484 1652 707 1686; x_wconf 87' lang='lat' dir='ltr'><strong>Christianos</strong></span> <span class='ocrx_word' id='word_1_197' title='bbox 733 1663 906 1697; x_wconf 89' lang='lat' dir='ltr'><strong>pauperes</strong></span> <span class='ocrx_word' id='word_1_198' title='bbox 931 1653 1032 1688; x_wconf 87' lang='lat' dir='ltr'><strong>donis</strong></span> <span class='ocrx_word' id='word_1_199' title='bbox 1058 1654 1132 1688; x_wconf 88' lang='lat' dir='ltr'><strong>suis</strong></span> <span class='ocrx_word' id='word_1_200' title='bbox 1155 1654 1341 1694; x_wconf 88' lang='lat' dir='ltr'><strong>reficiebat,</strong></span> <span class='ocrx_word' id='word_1_201' title='bbox 1364 1659 1399 1688; x_wconf 82' lang='lat' dir='ltr'><strong>et</strong></span> <span class='ocrx_word' id='word_1_202' title='bbox 1425 1666 1488 1688; x_wconf 91' lang='lat' dir='ltr'><strong>nos</strong></span> <span class='ocrx_word' id='word_1_203' title='bbox 1510 1655 1712 1699; x_wconf 82' lang='lat' dir='ltr'><strong>frequenter</strong></span> 
     </span>
     <span class='ocr_line' id='line_1_23' title="bbox 327 1709 1711 1756; baseline 0.001 -12"><span class='ocrx_word' id='word_1_204' title='bbox 327 1721 407 1744; x_wconf 90' lang='lat' dir='ltr'><strong>cum</strong></span> <span class='ocrx_word' id='word_1_205' title='bbox 426 1710 640 1744; x_wconf 89' lang='lat' dir='ltr'><strong>Beatissimo</strong></span> <span class='ocrx_word' id='word_1_206' title='bbox 660 1709 726 1743; x_wconf 86' lang='lat' dir='ltr'><strong>Pio</strong></span> <span class='ocrx_word' id='word_1_207' title='bbox 745 1710 907 1753; x_wconf 83' lang='lat' dir='ltr'><strong>episcopo</strong></span> <span class='ocrx_word' id='word_1_208' title='bbox 925 1711 968 1744; x_wconf 91' lang='lat' dir='ltr'><strong>ad</strong></span> <span class='ocrx_word' id='word_1_209' title='bbox 993 1712 1103 1744; x_wconf 89' lang='lat' dir='ltr'><strong>altare</strong></span> <span class='ocrx_word' id='word_1_210' title='bbox 1129 1710 1276 1744; x_wconf 92' lang='lat' dir='ltr'><strong>Domini</strong></span> <span class='ocrx_word' id='word_1_211' title='bbox 1302 1712 1605 1745; x_wconf 86' lang='lat' dir='ltr'><strong>communicabat:</strong></span> <span class='ocrx_word' id='word_1_212' title='bbox 1631 1717 1711 1756; x_wconf 90' lang='lat' dir='ltr'><strong>post</strong></span> 
     </span>
     <span class='ocr_line' id='line_1_24' title="bbox 328 1766 1711 1813; baseline 0.001 -12"><span class='ocrx_word' id='word_1_213' title='bbox 328 1778 462 1801; x_wconf 87' lang='lat' dir='ltr'><strong>annum</strong></span> <span class='ocrx_word' id='word_1_214' title='bbox 480 1777 575 1806; x_wconf 86' lang='lat' dir='ltr'><strong>vero,</strong></span> <span class='ocrx_word' id='word_1_215' title='bbox 596 1770 631 1800; x_wconf 91' lang='lat' dir='ltr'><strong>et</strong></span> <span class='ocrx_word' id='word_1_216' title='bbox 649 1767 723 1800; x_wconf 88' lang='lat' dir='ltr'><strong>dies</strong></span> <span class='ocrx_word' id='word_1_217' title='bbox 742 1766 871 1812; x_wconf 88' lang='lat' dir='ltr'><strong>viginti</strong></span> <span class='ocrx_word' id='word_1_218' title='bbox 889 1771 978 1807; x_wconf 89' lang='lat' dir='ltr'><strong>octo,</strong></span> <span class='ocrx_word' id='word_1_219' title='bbox 1005 1768 1227 1813; x_wconf 85' lang='lat' dir='ltr'><strong>aegritudine</strong></span> <span class='ocrx_word' id='word_1_220' title='bbox 1250 1768 1415 1802; x_wconf 86' lang='lat' dir='ltr'><strong>detentus</strong></span> <span class='ocrx_word' id='word_1_221' title='bbox 1441 1773 1494 1803; x_wconf 91' lang='lat' dir='ltr'><strong>est</strong></span> <span class='ocrx_word' id='word_1_222' title='bbox 1518 1769 1611 1802; x_wconf 92' lang='lat' dir='ltr'><strong>idem</strong></span> <span class='ocrx_word' id='word_1_223' title='bbox 1638 1769 1711 1803; x_wconf 90' lang='lat' dir='ltr'><strong>No-</strong></span> 
     </span>
     <span class='ocr_line' id='line_1_25' title="bbox 329 1823 1710 1871; baseline 0.001 -13"><span class='ocrx_word' id='word_1_224' title='bbox 329 1829 444 1863; x_wconf 84' lang='lat' dir='ltr'><strong>vatus,</strong></span> <span class='ocrx_word' id='word_1_225' title='bbox 474 1828 510 1856; x_wconf 89' lang='lat' dir='ltr'><strong>et</strong></span> <span class='ocrx_word' id='word_1_226' title='bbox 539 1823 664 1857; x_wconf 89' lang='lat' dir='ltr'><strong>absens</strong></span> <span class='ocrx_word' id='word_1_227' title='bbox 695 1827 771 1857; x_wconf 87' lang='lat' dir='ltr'><strong>erat</strong></span> <span class='ocrx_word' id='word_1_228' title='bbox 801 1835 822 1857; x_wconf 86' lang='lat' dir='ltr'><strong>a</strong></span> <span class='ocrx_word' id='word_1_229' title='bbox 852 1830 1041 1867; x_wconf 89' lang='lat' dir='ltr'><strong>conspectu</strong></span> <span class='ocrx_word' id='word_1_230' title='bbox 1075 1825 1226 1871; x_wconf 88' lang='lat' dir='ltr'><strong>virginis</strong></span> <span class='ocrx_word' id='word_1_231' title='bbox 1262 1825 1444 1859; x_wconf 85' lang='lat' dir='ltr'><strong>Praxedis.</strong></span> <span class='ocrx_word' id='word_1_232' title='bbox 1497 1825 1562 1859; x_wconf 91' lang='lat' dir='ltr'><strong>Pio</strong></span> <span class='ocrx_word' id='word_1_233' title='bbox 1592 1830 1710 1860; x_wconf 90' lang='lat' dir='ltr'><strong>autem</strong></span> 
     </span>
     <span class='ocr_line' id='line_1_26' title="bbox 328 1880 1711 1927; baseline 0.001 -12"><span class='ocrx_word' id='word_1_234' title='bbox 328 1882 490 1925; x_wconf 82' lang='lat' dir='ltr'><strong>episcopo</strong></span> <span class='ocrx_word' id='word_1_235' title='bbox 508 1880 685 1925; x_wconf 84' lang='lat' dir='ltr'><strong>cogitante</strong></span> <span class='ocrx_word' id='word_1_236' title='bbox 703 1880 745 1913; x_wconf 91' lang='lat' dir='ltr'><strong>de</strong></span> <span class='ocrx_word' id='word_1_237' title='bbox 763 1880 925 1913; x_wconf 90' lang='lat' dir='ltr'><strong>omnibus</strong></span> <span class='ocrx_word' id='word_1_238' title='bbox 950 1881 1174 1920; x_wconf 84' lang='lat' dir='ltr'><strong>Christianis,</strong></span> <span class='ocrx_word' id='word_1_239' title='bbox 1199 1893 1270 1915; x_wconf 90' lang='lat' dir='ltr'><strong>una</strong></span> <span class='ocrx_word' id='word_1_240' title='bbox 1294 1892 1374 1915; x_wconf 90' lang='lat' dir='ltr'><strong>cum</strong></span> <span class='ocrx_word' id='word_1_241' title='bbox 1400 1882 1539 1927; x_wconf 89' lang='lat' dir='ltr'><strong>virgine</strong></span> <span class='ocrx_word' id='word_1_242' title='bbox 1562 1883 1711 1927; x_wconf 88' lang='lat' dir='ltr'><strong>requiri-</strong></span> 
     </span>
     <span class='ocr_line' id='line_1_27' title="bbox 329 1936 1711 1983; baseline 0.001 -12"><span class='ocrx_word' id='word_1_243' title='bbox 329 1943 389 1972; x_wconf 87' lang='lat' dir='ltr'><strong>tur</strong></span> <span class='ocrx_word' id='word_1_244' title='bbox 406 1936 570 1970; x_wconf 90' lang='lat' dir='ltr'><strong>Novatus</strong></span> <span class='ocrx_word' id='word_1_245' title='bbox 588 1937 644 1969; x_wconf 91' lang='lat' dir='ltr'><strong>vir</strong></span> <span class='ocrx_word' id='word_1_246' title='bbox 661 1936 728 1970; x_wconf 93' lang='lat' dir='ltr'><strong>Dei</strong></span> <span class='ocrx_word' id='word_1_247' title='bbox 742 1946 752 1976; x_wconf 82' lang='lat'><em>3</em></span> <span class='ocrx_word' id='word_1_248' title='bbox 772 1941 807 1971; x_wconf 90' lang='lat' dir='ltr'><strong>et</strong></span> <span class='ocrx_word' id='word_1_249' title='bbox 820 1937 905 1970; x_wconf 91' lang='lat' dir='ltr'><strong>dum</strong></span> <span class='ocrx_word' id='word_1_250' title='bbox 920 1938 1081 1971; x_wconf 84' lang='lat' dir='ltr'><strong>auditum</strong></span> <span class='ocrx_word' id='word_1_251' title='bbox 1095 1937 1231 1978; x_wconf 90' lang='lat' dir='ltr'><strong>fuisset,</strong></span> <span class='ocrx_word' id='word_1_252' title='bbox 1247 1938 1331 1982; x_wconf 84' lang='lat' dir='ltr'><strong>quia</strong></span> <span class='ocrx_word' id='word_1_253' title='bbox 1342 1939 1564 1983; x_wconf 90' lang='lat' dir='ltr'><strong>aegritudine</strong></span> <span class='ocrx_word' id='word_1_254' title='bbox 1577 1940 1711 1974; x_wconf 87' lang='lat' dir='ltr'><strong>detine-</strong></span> 
     </span>
     <span class='ocr_line' id='line_1_28' title="bbox 329 1993 1708 2040; baseline 0.002 -13"><span class='ocrx_word' id='word_1_255' title='bbox 329 1995 445 2033; x_wconf 89' lang='lat' dir='ltr'><strong>batur,</strong></span> <span class='ocrx_word' id='word_1_256' title='bbox 475 1993 677 2026; x_wconf 83' lang='lat' dir='ltr'><strong>contristati</strong></span> <span class='ocrx_word' id='word_1_257' title='bbox 707 2004 829 2026; x_wconf 88' lang='lat' dir='ltr'><strong>sumus</strong></span> <span class='ocrx_word' id='word_1_258' title='bbox 859 2004 991 2027; x_wconf 91' lang='lat' dir='ltr'><strong>omnes.</strong></span> <span class='ocrx_word' id='word_1_259' title='bbox 1043 1993 1156 2027; x_wconf 90' lang='lat' dir='ltr'><strong>Beata</strong></span> <span class='ocrx_word' id='word_1_260' title='bbox 1186 1994 1356 2028; x_wconf 86' lang='lat' dir='ltr'><strong>Praxedis</strong></span> <span class='ocrx_word' id='word_1_261' title='bbox 1384 1995 1475 2029; x_wconf 85' lang='lat' dir='ltr'><strong>dixit</strong></span> <span class='ocrx_word' id='word_1_262' title='bbox 1502 1996 1546 2029; x_wconf 87' lang='lat' dir='ltr'><strong>ad</strong></span> <span class='ocrx_word' id='word_1_263' title='bbox 1571 2001 1708 2040; x_wconf 91' lang='lat' dir='ltr'><strong>patrem</strong></span> 
     </span>
     <span class='ocr_line' id='line_1_29' title="bbox 329 2049 1709 2090; baseline 0.002 -6"><span class='ocrx_word' id='word_1_264' title='bbox 329 2051 364 2084; x_wconf 87' lang='lat' dir='ltr'><strong>S.</strong></span> <span class='ocrx_word' id='word_1_265' title='bbox 396 2050 511 2089; x_wconf 89' lang='lat' dir='ltr'><strong>Pium,</strong></span> <span class='ocrx_word' id='word_1_266' title='bbox 540 2049 671 2083; x_wconf 86' lang='lat' dir='ltr'><strong>Jubeat</strong></span> <span class='ocrx_word' id='word_1_267' title='bbox 698 2050 866 2084; x_wconf 84' lang='lat' dir='ltr'><strong>sanctitas</strong></span> <span class='ocrx_word' id='word_1_268' title='bbox 893 2056 1023 2090; x_wconf 82' lang='lat' dir='ltr'><strong>vestra,</strong></span> <span class='ocrx_word' id='word_1_269' title='bbox 1051 2055 1093 2084; x_wconf 92' lang='lat' dir='ltr'><strong>ut</strong></span> <span class='ocrx_word' id='word_1_270' title='bbox 1118 2062 1239 2084; x_wconf 91' lang='lat' dir='ltr'><strong>eamus</strong></span> <span class='ocrx_word' id='word_1_271' title='bbox 1259 2051 1301 2084; x_wconf 90' lang='lat' dir='ltr'><strong>ad</strong></span> <span class='ocrx_word' id='word_1_272' title='bbox 1327 2062 1419 2090; x_wconf 90' lang='lat' dir='ltr'><strong>eum,</strong></span> <span class='ocrx_word' id='word_1_273' title='bbox 1448 2056 1483 2086; x_wconf 92' lang='lat' dir='ltr'><strong>et</strong></span> <span class='ocrx_word' id='word_1_274' title='bbox 1507 2053 1709 2087; x_wconf 88' lang='lat' dir='ltr'><strong>visitatione</strong></span> 
     </span>
     <span class='ocr_line' id='line_1_30' title="bbox 329 2107 1708 2145; baseline 0.001 -3"><span class='ocrx_word' id='word_1_275' title='bbox 329 2112 451 2142; x_wconf 88' lang='lat' dir='ltr'><strong>nostra</strong></span> <span class='ocrx_word' id='word_1_276' title='bbox 476 2118 548 2140; x_wconf 89' lang='lat' dir='ltr'><strong>una</strong></span> <span class='ocrx_word' id='word_1_277' title='bbox 575 2117 656 2140; x_wconf 88' lang='lat' dir='ltr'><strong>cum</strong></span> <span class='ocrx_word' id='word_1_278' title='bbox 684 2107 902 2140; x_wconf 86' lang='lat' dir='ltr'><strong>orationibus</strong></span> <span class='ocrx_word' id='word_1_279' title='bbox 929 2108 1055 2141; x_wconf 85' lang='lat' dir='ltr'><strong>vestris</strong></span> <span class='ocrx_word' id='word_1_280' title='bbox 1083 2107 1289 2141; x_wconf 87' lang='lat' dir='ltr'><strong>salvabitur.</strong></span> <span class='ocrx_word' id='word_1_281' title='bbox 1340 2107 1391 2143; x_wconf 84' lang='lat' dir='ltr'><strong>Et</strong></span> <span class='ocrx_word' id='word_1_282' title='bbox 1415 2108 1508 2143; x_wconf 88' lang='lat' dir='ltr'><strong>facta</strong></span> <span class='ocrx_word' id='word_1_283' title='bbox 1537 2111 1708 2145; x_wconf 89' lang='lat' dir='ltr'><strong>constitu-</strong></span> 
     </span>
     <span class='ocr_line' id='line_1_31' title="bbox 328 2163 1706 2210; baseline 0.002 -12"><span class='ocrx_word' id='word_1_284' title='bbox 328 2165 423 2198; x_wconf 86' lang='lat' dir='ltr'><strong>tione</strong></span> <span class='ocrx_word' id='word_1_285' title='bbox 454 2168 555 2197; x_wconf 89' lang='lat' dir='ltr'><strong>nocte</strong></span> <span class='ocrx_word' id='word_1_286' title='bbox 580 2174 653 2196; x_wconf 87' lang='lat' dir='ltr'><strong>una</strong></span> <span class='ocrx_word' id='word_1_287' title='bbox 675 2174 755 2196; x_wconf 90' lang='lat' dir='ltr'><strong>cum</strong></span> <span class='ocrx_word' id='word_1_288' title='bbox 785 2163 850 2197; x_wconf 92' lang='lat' dir='ltr'><strong>Pio</strong></span> <span class='ocrx_word' id='word_1_289' title='bbox 880 2164 1043 2209; x_wconf 88' lang='lat' dir='ltr'><strong>episcopo</strong></span> <span class='ocrx_word' id='word_1_290' title='bbox 1070 2170 1105 2198; x_wconf 90' lang='lat' dir='ltr'><strong>et</strong></span> <span class='ocrx_word' id='word_1_291' title='bbox 1135 2164 1274 2209; x_wconf 87' lang='lat' dir='ltr'><strong>virgine</strong></span> <span class='ocrx_word' id='word_1_292' title='bbox 1304 2164 1461 2206; x_wconf 87' lang='lat' dir='ltr'><strong>Domini,</strong></span> <span class='ocrx_word' id='word_1_293' title='bbox 1487 2167 1706 2210; x_wconf 85' lang='lat' dir='ltr'><strong>perreximus</strong></span> 
     </span>
     <span class='ocr_line' id='line_1_32' title="bbox 328 2219 1705 2265; baseline 0.002 -10"><span class='ocrx_word' id='word_1_294' title='bbox 328 2222 373 2255; x_wconf 89' lang='lat' dir='ltr'><strong>ad</strong></span> <span class='ocrx_word' id='word_1_295' title='bbox 399 2221 518 2254; x_wconf 90' lang='lat' dir='ltr'><strong>virum</strong></span> <span class='ocrx_word' id='word_1_296' title='bbox 544 2219 612 2253; x_wconf 92' lang='lat' dir='ltr'><strong>Dei</strong></span> <span class='ocrx_word' id='word_1_297' title='bbox 639 2219 846 2254; x_wconf 88' lang='lat' dir='ltr'><strong>Novatum:</strong></span> <span class='ocrx_word' id='word_1_298' title='bbox 870 2231 1020 2265; x_wconf 91' lang='lat' dir='ltr'><strong>cumque</strong></span> <span class='ocrx_word' id='word_1_299' title='bbox 1045 2222 1202 2255; x_wconf 87' lang='lat' dir='ltr'><strong>audisset</strong></span> <span class='ocrx_word' id='word_1_300' title='bbox 1227 2221 1283 2255; x_wconf 89' lang='lat' dir='ltr'><strong>vir</strong></span> <span class='ocrx_word' id='word_1_301' title='bbox 1305 2222 1373 2256; x_wconf 90' lang='lat' dir='ltr'><strong>Dei</strong></span> <span class='ocrx_word' id='word_1_302' title='bbox 1399 2221 1562 2257; x_wconf 73' lang='lat' dir='ltr'><strong>Novatus,</strong></span> <span class='ocrx_word' id='word_1_303' title='bbox 1585 2234 1705 2258; x_wconf 84' lang='lat' dir='ltr'><strong>omnes</strong></span> 
     </span>
     <span class='ocr_line' id='line_1_33' title="bbox 329 2277 1707 2324; baseline 0.002 -13"><span class='ocrx_word' id='word_1_304' title='bbox 329 2285 560 2323; x_wconf 87' lang='lat' dir='ltr'><strong>congregatos</strong></span> <span class='ocrx_word' id='word_1_305' title='bbox 588 2277 633 2311; x_wconf 93' lang='lat' dir='ltr'><strong>ad</strong></span> <span class='ocrx_word' id='word_1_306' title='bbox 661 2288 698 2311; x_wconf 90' lang='lat' dir='ltr'><strong>se</strong></span> <span class='ocrx_word' id='word_1_307' title='bbox 722 2278 870 2317; x_wconf 86' lang='lat' dir='ltr'><strong>venisse,</strong></span> <span class='ocrx_word' id='word_1_308' title='bbox 893 2278 1027 2322; x_wconf 89' lang='lat' dir='ltr'><strong>gratias</strong></span> <span class='ocrx_word' id='word_1_309' title='bbox 1055 2278 1169 2322; x_wconf 90' lang='lat' dir='ltr'><strong>coepit</strong></span> <span class='ocrx_word' id='word_1_310' title='bbox 1196 2289 1298 2324; x_wconf 90' lang='lat' dir='ltr'><strong>agere</strong></span> <span class='ocrx_word' id='word_1_311' title='bbox 1323 2278 1401 2313; x_wconf 93' lang='lat' dir='ltr'><strong>Deo</strong></span> <span class='ocrx_word' id='word_1_312' title='bbox 1425 2280 1509 2324; x_wconf 89' lang='lat' dir='ltr'><strong>quia</strong></span> <span class='ocrx_word' id='word_1_313' title='bbox 1533 2281 1663 2314; x_wconf 88' lang='lat' dir='ltr'><strong>meruit</strong></span> <span class='ocrx_word' id='word_1_314' title='bbox 1686 2292 1707 2314; x_wconf 88' lang='lat' dir='ltr'><strong>a</strong></span> 
     </span>
     <span class='ocr_line' id='line_1_34' title="bbox 330 2334 1707 2380; baseline 0.002 -12"><span class='ocrx_word' id='word_1_315' title='bbox 330 2335 365 2368; x_wconf 89' lang='lat' dir='ltr'><strong>S.</strong></span> <span class='ocrx_word' id='word_1_316' title='bbox 391 2335 455 2368; x_wconf 92' lang='lat' dir='ltr'><strong>Pio</strong></span> <span class='ocrx_word' id='word_1_317' title='bbox 477 2335 638 2379; x_wconf 87' lang='lat' dir='ltr'><strong>episcopo</strong></span> <span class='ocrx_word' id='word_1_318' title='bbox 669 2339 704 2368; x_wconf 90' lang='lat' dir='ltr'><strong>et</strong></span> <span class='ocrx_word' id='word_1_319' title='bbox 730 2335 868 2380; x_wconf 83' lang='lat' dir='ltr'><strong>virgine</strong></span> <span class='ocrx_word' id='word_1_320' title='bbox 894 2334 1039 2368; x_wconf 90' lang='lat' dir='ltr'><strong>Domini</strong></span> <span class='ocrx_word' id='word_1_321' title='bbox 1064 2346 1137 2369; x_wconf 89' lang='lat' dir='ltr'><strong>una</strong></span> <span class='ocrx_word' id='word_1_322' title='bbox 1161 2346 1241 2369; x_wconf 92' lang='lat' dir='ltr'><strong>cum</strong></span> <span class='ocrx_word' id='word_1_323' title='bbox 1267 2341 1388 2371; x_wconf 88' lang='lat' dir='ltr'><strong>nostra</strong></span> <span class='ocrx_word' id='word_1_324' title='bbox 1413 2337 1598 2371; x_wconf 89' lang='lat' dir='ltr'><strong>devotione</strong></span> <span class='ocrx_word' id='word_1_325' title='bbox 1623 2338 1707 2372; x_wconf 85' lang='lat' dir='ltr'><strong>visi-</strong></span> 
     </span>
     <span class='ocr_line' id='line_1_35' title="bbox 330 2391 1706 2439; baseline 0.001 -13"><span class='ocrx_word' id='word_1_326' title='bbox 330 2392 397 2426; x_wconf 86' lang='lat' dir='ltr'><strong>tari</strong></span> <span class='ocrx_word' id='word_1_327' title='bbox 412 2401 420 2424; x_wconf 75' lang='grc' dir='ltr'><strong><em>ι</em></strong></span> <span class='ocrx_word' id='word_1_328' title='bbox 438 2396 473 2425; x_wconf 89' lang='lat' dir='ltr'><strong>et</strong></span> <span class='ocrx_word' id='word_1_329' title='bbox 491 2391 623 2426; x_wconf 88' lang='lat' dir='ltr'><strong>fuimus</strong></span> <span class='ocrx_word' id='word_1_330' title='bbox 642 2392 680 2425; x_wconf 90' lang='lat' dir='ltr'><strong>in</strong></span> <span class='ocrx_word' id='word_1_331' title='bbox 697 2392 801 2425; x_wconf 89' lang='lat' dir='ltr'><strong>domo</strong></span> <span class='ocrx_word' id='word_1_332' title='bbox 818 2392 894 2437; x_wconf 89' lang='lat' dir='ltr'><strong>ejus</strong></span> <span class='ocrx_word' id='word_1_333' title='bbox 912 2391 1034 2426; x_wconf 86' lang='lat' dir='ltr'><strong>diebus</strong></span> <span class='ocrx_word' id='word_1_334' title='bbox 1056 2403 1096 2426; x_wconf 91' lang='lat' dir='ltr'><strong>ac</strong></span> <span class='ocrx_word' id='word_1_335' title='bbox 1121 2393 1282 2427; x_wconf 91' lang='lat' dir='ltr'><strong>noctibus</strong></span> <span class='ocrx_word' id='word_1_336' title='bbox 1306 2397 1408 2434; x_wconf 80' lang='lat' dir='ltr'><strong>octo3</strong></span> <span class='ocrx_word' id='word_1_337' title='bbox 1435 2393 1636 2439; x_wconf 87' lang='lat' dir='ltr'><strong>factumque</strong></span> <span class='ocrx_word' id='word_1_338' title='bbox 1654 2400 1706 2428; x_wconf 80' lang='lat' dir='ltr'><strong>est</strong></span> 
     </span>
    </p>
   </div>
  </div>
 </body>
</html>
