<?xml version="1.0" encoding="UTF-8"?>
<!DOCTYPE html PUBLIC "-//W3C//DTD XHTML 1.0 Transitional//EN"
    "http://www.w3.org/TR/xhtml1/DTD/xhtml1-transitional.dtd">
<html xmlns="http://www.w3.org/1999/xhtml" xml:lang="en" lang="en">
 <head>
  <title>
</title>
<meta http-equiv="Content-Type" content="text/html;charset=utf-8" />
  <meta name='ocr-system' content='tesseract 3.04.00' />
  <meta name='ocr-capabilities' content='ocr_page ocr_carea ocr_par ocr_line ocrx_word'/>
</head>
<body>
  <div class='ocr_page' id='page_1' title='image "./thomaedempster2102dempuoft_0184.png"; bbox 0 0 2060 2848; ppageno 0'>
   <div class='ocr_carea' id='block_1_1' title="bbox 383 304 1404 342">
    <p class='ocr_par' dir='ltr' id='par_1_1' title="bbox 383 304 1404 342">
     <span class='ocr_line' id='line_1_1' title="bbox 383 304 1404 342; baseline 0.003 -4"><span class='ocrx_word' id='word_1_1' title='bbox 383 304 449 338; x_wconf 76' lang='lat'>514</span> <span class='ocrx_word' id='word_1_2' title='bbox 776 306 1008 340; x_wconf 88' lang='lat' dir='ltr'><strong>HISTORIA</strong></span> <span class='ocrx_word' id='word_1_3' title='bbox 1031 307 1404 342; x_wconf 87' lang='lat' dir='ltr'>ECCLESIASTICA</span> 
     </span>
    </p>
   </div>
   <div class='ocr_carea' id='block_1_2' title="bbox 388 400 1778 722">
    <p class='ocr_par' dir='ltr' id='par_1_2' title="bbox 388 400 1778 722">
     <span class='ocr_line' id='line_1_2' title="bbox 388 400 1775 447; baseline 0.004 -14"><span class='ocrx_word' id='word_1_4' title='bbox 388 404 424 434; x_wconf 88' lang='lat' dir='ltr'>et</span> <span class='ocrx_word' id='word_1_5' title='bbox 450 400 659 445; x_wconf 84' lang='lat' dir='ltr'>propensius</span> <span class='ocrx_word' id='word_1_6' title='bbox 688 401 829 435; x_wconf 89' lang='lat' dir='ltr'>credere</span> <span class='ocrx_word' id='word_1_7' title='bbox 859 401 904 435; x_wconf 89' lang='lat' dir='ltr'>ad</span> <span class='ocrx_word' id='word_1_8' title='bbox 934 405 1087 436; x_wconf 86' lang='lat' dir='ltr'>aetatem</span> <span class='ocrx_word' id='word_1_9' title='bbox 1117 401 1371 437; x_wconf 86' lang='lat' dir='ltr'>Fortunatiani</span> <span class='ocrx_word' id='word_1_10' title='bbox 1400 402 1548 447; x_wconf 85' lang='lat' dir='ltr'>propius</span> <span class='ocrx_word' id='word_1_11' title='bbox 1578 404 1775 445; x_wconf 84' lang='lat' dir='ltr'>accessisse,</span> 
     </span>
     <span class='ocr_line' id='line_1_3' title="bbox 389 457 1776 504; baseline 0.004 -14"><span class='ocrx_word' id='word_1_12' title='bbox 389 467 470 491; x_wconf 91' lang='lat' dir='ltr'>cum</span> <span class='ocrx_word' id='word_1_13' title='bbox 487 457 600 501; x_wconf 89' lang='lat' dir='ltr'>ipsius</span> <span class='ocrx_word' id='word_1_14' title='bbox 617 457 677 491; x_wconf 92' lang='lat' dir='ltr'>ille</span> <span class='ocrx_word' id='word_1_15' title='bbox 698 457 920 502; x_wconf 88' lang='lat' dir='ltr'><strong>epitaphium</strong></span> <span class='ocrx_word' id='word_1_16' title='bbox 937 457 1090 499; x_wconf 87' lang='lat' dir='ltr'>habeat;</span> <span class='ocrx_word' id='word_1_17' title='bbox 1118 459 1244 493; x_wconf 89' lang='lat' dir='ltr'>deinde</span> <span class='ocrx_word' id='word_1_18' title='bbox 1270 460 1418 494; x_wconf 88' lang='lat' dir='ltr'>concilio</span> <span class='ocrx_word' id='word_1_19' title='bbox 1445 459 1776 504; x_wconf 75' lang='lat' dir='ltr'>carpentoractensi</span> 
     </span>
     <span class='ocr_line' id='line_1_4' title="bbox 388 513 1776 562; baseline 0.004 -15"><span class='ocrx_word' id='word_1_20' title='bbox 388 513 579 548; x_wconf 84' lang='lat' dir='ltr'>subscribit</span> <span class='ocrx_word' id='word_1_21' title='bbox 606 525 699 548; x_wconf 83' lang='lat' dir='ltr'>anno</span> <span class='ocrx_word' id='word_1_22' title='bbox 727 523 899 549; x_wconf 80' lang='lat' dir='ltr'>cDXLIV.</span> <span class='ocrx_word' id='word_1_23' title='bbox 926 519 962 549; x_wconf 87' lang='lat' dir='ltr'>et</span> <span class='ocrx_word' id='word_1_24' title='bbox 989 526 1100 550; x_wconf 89' lang='lat' dir='ltr'>annos</span> <span class='ocrx_word' id='word_1_25' title='bbox 1120 525 1187 550; x_wconf 82' lang='lat' dir='ltr'>Lx.</span> <span class='ocrx_word' id='word_1_26' title='bbox 1214 522 1470 561; x_wconf 88' lang='lat' dir='ltr'>computemus,</span> <span class='ocrx_word' id='word_1_27' title='bbox 1497 518 1626 562; x_wconf 86' lang='lat' dir='ltr'>quibus</span> <span class='ocrx_word' id='word_1_28' title='bbox 1645 519 1776 553; x_wconf 86' lang='lat' dir='ltr'>exactis</span> 
     </span>
     <span class='ocr_line' id='line_1_5' title="bbox 388 570 1776 619; baseline 0.003 -14"><span class='ocrx_word' id='word_1_29' title='bbox 388 570 488 611; x_wconf 86' lang='lat' dir='ltr'>obiit,</span> <span class='ocrx_word' id='word_1_30' title='bbox 507 582 579 605; x_wconf 89' lang='lat' dir='ltr'>non</span> <span class='ocrx_word' id='word_1_31' title='bbox 597 572 788 617; x_wconf 87' lang='lat' dir='ltr'>quadrabit</span> <span class='ocrx_word' id='word_1_32' title='bbox 806 573 908 613; x_wconf 79' lang='lat' dir='ltr'>male,</span> <span class='ocrx_word' id='word_1_33' title='bbox 934 584 1048 618; x_wconf 89' lang='lat' dir='ltr'>neque</span> <span class='ocrx_word' id='word_1_34' title='bbox 1074 573 1247 608; x_wconf 87' lang='lat' dir='ltr'>absonum</span> <span class='ocrx_word' id='word_1_35' title='bbox 1270 574 1339 607; x_wconf 90' lang='lat' dir='ltr'>erit</span> <span class='ocrx_word' id='word_1_36' title='bbox 1356 574 1401 608; x_wconf 88' lang='lat' dir='ltr'>ab</span> <span class='ocrx_word' id='word_1_37' title='bbox 1418 575 1585 619; x_wconf 86' lang='lat' dir='ltr'>opinione</span> <span class='ocrx_word' id='word_1_38' title='bbox 1603 575 1776 610; x_wconf 85' lang='lat' dir='ltr'>Broweri.</span> 
     </span>
     <span class='ocr_line' id='line_1_6' title="bbox 389 627 1778 678; baseline 0.003 -15"><span class='ocrx_word' id='word_1_39' title='bbox 389 627 498 663; x_wconf 89' lang='lat' dir='ltr'>Hunc</span> <span class='ocrx_word' id='word_1_40' title='bbox 520 630 706 674; x_wconf 87' lang='lat' dir='ltr'>pueriliter</span> <span class='ocrx_word' id='word_1_41' title='bbox 732 634 768 664; x_wconf 91' lang='lat' dir='ltr'>et</span> <span class='ocrx_word' id='word_1_42' title='bbox 796 630 948 674; x_wconf 86' lang='lat' dir='ltr'>insipide</span> <span class='ocrx_word' id='word_1_43' title='bbox 975 631 1069 664; x_wconf 88' lang='lat' dir='ltr'>inter</span> <span class='ocrx_word' id='word_1_44' title='bbox 1091 641 1174 664; x_wconf 88' lang='lat' dir='ltr'>suos</span> <span class='ocrx_word' id='word_1_45' title='bbox 1197 630 1300 674; x_wconf 89' lang='lat' dir='ltr'>ponit</span> <span class='ocrx_word' id='word_1_46' title='bbox 1325 630 1490 665; x_wconf 84' lang='lat' dir='ltr'>Pitsaeus</span> <span class='ocrx_word' id='word_1_47' title='bbox 1515 631 1678 667; x_wconf 82' lang='lat' dir='ltr'>indoctus</span> <span class='ocrx_word' id='word_1_48' title='bbox 1697 643 1778 678; x_wconf 77' lang='lat' dir='ltr'>pag.</span> 
     </span>
     <span class='ocr_line' id='line_1_7' title="bbox 388 687 1139 722; baseline 0 -2"><span class='ocrx_word' id='word_1_49' title='bbox 388 693 518 720; x_wconf 80' lang='lat' dir='ltr'>LXVII.</span> <span class='ocrx_word' id='word_1_50' title='bbox 537 691 573 721; x_wconf 89' lang='lat' dir='ltr'>et</span> <span class='ocrx_word' id='word_1_51' title='bbox 589 692 672 722; x_wconf 86' lang='lat' dir='ltr'>ante</span> <span class='ocrx_word' id='word_1_52' title='bbox 689 687 874 722; x_wconf 88' lang='lat' dir='ltr'>Christum</span> <span class='ocrx_word' id='word_1_53' title='bbox 891 692 1017 721; x_wconf 87' lang='lat' dir='ltr'>natum</span> <span class='ocrx_word' id='word_1_54' title='bbox 1034 688 1139 721; x_wconf 88' lang='lat' dir='ltr'>locat.</span> 
     </span>
    </p>
   </div>
   <div class='ocr_carea' id='block_1_3' title="bbox 675 799 1491 839">
    <p class='ocr_par' dir='ltr' id='par_1_3' title="bbox 675 799 1491 839">
     <span class='ocr_line' id='line_1_8' title="bbox 675 799 1491 839; baseline 0 -4"><span class='ocrx_word' id='word_1_55' title='bbox 675 799 932 835; x_wconf 89' lang='lat' dir='ltr'><strong>NICOLAUS</strong></span> <span class='ocrx_word' id='word_1_56' title='bbox 957 799 1353 835; x_wconf 88' lang='lat' dir='ltr'>OTTERBURNUS.</span> <span class='ocrx_word' id='word_1_57' title='bbox 1406 803 1491 839; x_wconf 83' lang='lat'><strong>978.</strong></span> 
     </span>
    </p>
   </div>
   <div class='ocr_carea' id='block_1_4' title="bbox 382 912 1776 1302">
    <p class='ocr_par' dir='ltr' id='par_1_4' title="bbox 382 912 1776 1190">
     <span class='ocr_line' id='line_1_9' title="bbox 384 912 1776 954; baseline 0 -4"><span class='ocrx_word' id='word_1_58' title='bbox 384 915 597 951; x_wconf 80' lang='lat' dir='ltr'>NICOLAUS</span> <span class='ocrx_word' id='word_1_59' title='bbox 615 915 870 954; x_wconf 82' lang='lat' dir='ltr'>Otterburnus,</span> <span class='ocrx_word' id='word_1_60' title='bbox 894 914 1084 948; x_wconf 90' lang='lat' dir='ltr'>canonicus</span> <span class='ocrx_word' id='word_1_61' title='bbox 1102 912 1340 954; x_wconf 85' lang='lat' dir='ltr'>Glascuensis,</span> <span class='ocrx_word' id='word_1_62' title='bbox 1368 924 1448 948; x_wconf 89' lang='lat' dir='ltr'>cum</span> <span class='ocrx_word' id='word_1_63' title='bbox 1474 914 1669 950; x_wconf 90' lang='lat' dir='ltr'>Wilhelmo</span> <span class='ocrx_word' id='word_1_64' title='bbox 1695 916 1776 950; x_wconf 85' lang='lat' dir='ltr'>Sco-</span> 
     </span>
     <span class='ocr_line' id='line_1_10' title="bbox 384 970 1775 1019; baseline 0 -11"><span class='ocrx_word' id='word_1_65' title='bbox 384 973 455 1008; x_wconf 85' lang='lat' dir='ltr'>tiae</span> <span class='ocrx_word' id='word_1_66' title='bbox 480 972 699 1013; x_wconf 85' lang='lat' dir='ltr'>cancellario,</span> <span class='ocrx_word' id='word_1_67' title='bbox 726 971 864 1005; x_wconf 85' lang='lat' dir='ltr'>Joanne</span> <span class='ocrx_word' id='word_1_68' title='bbox 891 972 1055 1016; x_wconf 88' lang='lat' dir='ltr'>episcopo</span> <span class='ocrx_word' id='word_1_69' title='bbox 1076 970 1335 1010; x_wconf 87' lang='lat' dir='ltr'>Dunkeldensi,</span> <span class='ocrx_word' id='word_1_70' title='bbox 1361 971 1399 1004; x_wconf 92' lang='lat' dir='ltr'>in</span> <span class='ocrx_word' id='word_1_71' title='bbox 1426 970 1606 1006; x_wconf 86' lang='lat' dir='ltr'>Geldriam</span> <span class='ocrx_word' id='word_1_72' title='bbox 1625 973 1775 1019; x_wconf 81' lang='lat' dir='ltr'>legatuS,</span> 
     </span>
     <span class='ocr_line' id='line_1_11' title="bbox 382 1026 1776 1073; baseline 0 -8"><span class='ocrx_word' id='word_1_73' title='bbox 382 1034 425 1065; x_wconf 92' lang='lat' dir='ltr'>ut</span> <span class='ocrx_word' id='word_1_74' title='bbox 442 1029 596 1064; x_wconf 90' lang='lat' dir='ltr'>Mariam</span> <span class='ocrx_word' id='word_1_75' title='bbox 615 1029 716 1063; x_wconf 90' lang='lat' dir='ltr'>ducis</span> <span class='ocrx_word' id='word_1_76' title='bbox 738 1028 904 1063; x_wconf 88' lang='lat' dir='ltr'>Geldriae</span> <span class='ocrx_word' id='word_1_77' title='bbox 927 1033 963 1063; x_wconf 88' lang='lat' dir='ltr'>et</span> <span class='ocrx_word' id='word_1_78' title='bbox 983 1027 1195 1062; x_wconf 85' lang='lat' dir='ltr'>Juliacensis</span> <span class='ocrx_word' id='word_1_79' title='bbox 1222 1026 1343 1068; x_wconf 86' lang='lat' dir='ltr'>filiam,</span> <span class='ocrx_word' id='word_1_80' title='bbox 1371 1027 1531 1073; x_wconf 88' lang='lat' dir='ltr'>Philippi</span> <span class='ocrx_word' id='word_1_81' title='bbox 1557 1030 1656 1063; x_wconf 88' lang='lat' dir='ltr'>ducis</span> <span class='ocrx_word' id='word_1_82' title='bbox 1683 1030 1776 1065; x_wconf 91' lang='lat' dir='ltr'>Bur-</span> 
     </span>
     <span class='ocr_line' id='line_1_12' title="bbox 382 1084 1772 1133; baseline 0.001 -12"><span class='ocrx_word' id='word_1_83' title='bbox 382 1088 537 1133; x_wconf 89' lang='lat' dir='ltr'>gundiae</span> <span class='ocrx_word' id='word_1_84' title='bbox 570 1086 855 1130; x_wconf 86' lang='lat' dir='ltr'>Brabantiaeque</span> <span class='ocrx_word' id='word_1_85' title='bbox 886 1090 1040 1130; x_wconf 87' lang='lat' dir='ltr'>neptem,</span> <span class='ocrx_word' id='word_1_86' title='bbox 1071 1085 1199 1119; x_wconf 86' lang='lat' dir='ltr'>Carolo</span> <span class='ocrx_word' id='word_1_87' title='bbox 1227 1084 1313 1119; x_wconf 87' lang='lat' dir='ltr'><strong>VII.</strong></span> <span class='ocrx_word' id='word_1_88' title='bbox 1345 1085 1566 1119; x_wconf 84' lang='lat' dir='ltr'>Francorum</span> <span class='ocrx_word' id='word_1_89' title='bbox 1593 1097 1676 1132; x_wconf 87' lang='lat' dir='ltr'>rege</span> <span class='ocrx_word' id='word_1_90' title='bbox 1706 1086 1772 1122; x_wconf 81' lang='lat' dir='ltr'>Ca-</span> 
     </span>
     <span class='ocr_line' id='line_1_13' title="bbox 382 1141 1476 1190; baseline -0.003 -11"><span class='ocrx_word' id='word_1_91' title='bbox 382 1154 517 1190; x_wconf 82' lang='lat' dir='ltr'>maepo,</span> <span class='ocrx_word' id='word_1_92' title='bbox 539 1142 627 1190; x_wconf 87' lang='lat' dir='ltr'>[sic]</span> <span class='ocrx_word' id='word_1_93' title='bbox 646 1143 670 1177; x_wconf 89' lang='lat' dir='ltr'>J</span> <span class='ocrx_word' id='word_1_94' title='bbox 672 1143 779 1177; x_wconf 91' lang='lat' dir='ltr'>acobo</span> <span class='ocrx_word' id='word_1_95' title='bbox 797 1142 847 1176; x_wconf 89' lang='grc' dir='ltr'>ΙΙ.</span> <span class='ocrx_word' id='word_1_96' title='bbox 865 1143 941 1188; x_wconf 90' lang='lat' dir='ltr'>regi</span> <span class='ocrx_word' id='word_1_97' title='bbox 959 1153 1106 1176; x_wconf 89' lang='lat' dir='ltr'>uxorem</span> <span class='ocrx_word' id='word_1_98' title='bbox 1125 1146 1271 1186; x_wconf 86' lang='lat' dir='ltr'>peteret.</span> <span class='ocrx_word' id='word_1_99' title='bbox 1325 1141 1476 1187; x_wconf 85' lang='lat' dir='ltr'>Scripsit</span> 
     </span>
    </p>

    <p class='ocr_par' dir='ltr' id='par_1_5' title="bbox 528 1199 1380 1246">
     <span class='ocr_line' id='line_1_14' title="bbox 528 1199 1380 1246; baseline -0.001 -12"><span class='ocrx_word' id='word_1_100' title='bbox 528 1202 622 1235; x_wconf 90' lang='lat' dir='ltr'>Acta</span> <span class='ocrx_word' id='word_1_101' title='bbox 641 1212 725 1234; x_wconf 86' lang='lat' dir='ltr'>suae</span> <span class='ocrx_word' id='word_1_102' title='bbox 743 1199 951 1246; x_wconf 86' lang='lat' dir='ltr'>Legationis</span> <span class='ocrx_word' id='word_1_103' title='bbox 1274 1199 1334 1232; x_wconf 90' lang='lat' dir='ltr'>lib.</span> <span class='ocrx_word' id='word_1_104' title='bbox 1355 1207 1380 1233; x_wconf 89' lang='lat'>1.</span> 
     </span>
    </p>

    <p class='ocr_par' dir='ltr' id='par_1_6' title="bbox 528 1255 1773 1302">
     <span class='ocr_line' id='line_1_15' title="bbox 528 1255 1773 1302; baseline 0 -10"><span class='ocrx_word' id='word_1_105' title='bbox 528 1257 813 1302; x_wconf 89' lang='lat' dir='ltr'>Epithalamium</span> <span class='ocrx_word' id='word_1_106' title='bbox 831 1256 956 1291; x_wconf 86' lang='lat' dir='ltr'>Jacobi</span> <span class='ocrx_word' id='word_1_107' title='bbox 974 1255 1023 1290; x_wconf 92' lang='lat' dir='ltr'>II.</span> <span class='ocrx_word' id='word_1_108' title='bbox 1270 1256 1331 1290; x_wconf 85' lang='lat' dir='ltr'>lib.</span> <span class='ocrx_word' id='word_1_109' title='bbox 1352 1265 1377 1290; x_wconf 90' lang='lat'>1.</span> <span class='ocrx_word' id='word_1_110' title='bbox 1421 1256 1642 1301; x_wconf 88' lang='lat' dir='ltr'>publicatum</span> <span class='ocrx_word' id='word_1_111' title='bbox 1677 1259 1773 1302; x_wconf 88' lang='lat' dir='ltr'>typis</span> 
     </span>
    </p>
   </div>
   <div class='ocr_carea' id='block_1_5' title="bbox 381 1314 1773 1473">
    <p class='ocr_par' dir='ltr' id='par_1_7' title="bbox 381 1314 1773 1473">
     <span class='ocr_line' id='line_1_16' title="bbox 576 1314 916 1348; baseline -0.003 0"><span class='ocrx_word' id='word_1_112' title='bbox 576 1314 720 1348; x_wconf 88' lang='lat' dir='ltr'>Aldinis</span> <span class='ocrx_word' id='word_1_113' title='bbox 738 1314 916 1348; x_wconf 83' lang='lat' dir='ltr'>Lutetiae.</span> 
     </span>
     <span class='ocr_line' id='line_1_17' title="bbox 429 1370 1773 1416; baseline -0.001 -10"><span class='ocrx_word' id='word_1_114' title='bbox 429 1372 561 1406; x_wconf 86' lang='lat' dir='ltr'>Orator</span> <span class='ocrx_word' id='word_1_115' title='bbox 615 1372 653 1405; x_wconf 89' lang='lat' dir='ltr'>in</span> <span class='ocrx_word' id='word_1_116' title='bbox 708 1371 876 1416; x_wconf 83' lang='lat' dir='ltr'>Belgium</span> <span class='ocrx_word' id='word_1_117' title='bbox 931 1370 1062 1404; x_wconf 86' lang='lat' dir='ltr'>missus</span> <span class='ocrx_word' id='word_1_118' title='bbox 1114 1370 1159 1404; x_wconf 84' lang='lat' dir='ltr'>ad</span> <span class='ocrx_word' id='word_1_119' title='bbox 1205 1370 1443 1404; x_wconf 88' lang='lat' dir='ltr'>conciliandas</span> <span class='ocrx_word' id='word_1_120' title='bbox 1490 1371 1634 1414; x_wconf 87' lang='lat' dir='ltr'>nuptias</span> <span class='ocrx_word' id='word_1_121' title='bbox 1680 1382 1773 1405; x_wconf 88' lang='lat' dir='ltr'>anno</span> 
     </span>
     <span class='ocr_line' id='line_1_18' title="bbox 381 1426 1770 1473; baseline -0.001 -9"><span class='ocrx_word' id='word_1_122' title='bbox 381 1438 621 1464; x_wconf 75' lang='lat' dir='ltr'>MCDXLVIH.</span> <span class='ocrx_word' id='word_1_123' title='bbox 648 1429 791 1473; x_wconf 87' lang='lat' dir='ltr'>quando</span> <span class='ocrx_word' id='word_1_124' title='bbox 817 1428 1016 1467; x_wconf 88' lang='lat' dir='ltr'>decesserit,</span> <span class='ocrx_word' id='word_1_125' title='bbox 1043 1432 1079 1461; x_wconf 90' lang='lat' dir='ltr'>et</span> <span class='ocrx_word' id='word_1_126' title='bbox 1104 1438 1151 1461; x_wconf 85' lang='lat' dir='ltr'>an</span> <span class='ocrx_word' id='word_1_127' title='bbox 1177 1428 1222 1460; x_wconf 85' lang='lat' dir='ltr'>ad</span> <span class='ocrx_word' id='word_1_128' title='bbox 1240 1427 1429 1471; x_wconf 87' lang='lat' dir='ltr'>ampliores</span> <span class='ocrx_word' id='word_1_129' title='bbox 1447 1426 1599 1461; x_wconf 89' lang='lat' dir='ltr'>honores</span> <span class='ocrx_word' id='word_1_130' title='bbox 1618 1432 1770 1468; x_wconf 81' lang='lat' dir='ltr'>evectus,</span> 
     </span>
    </p>
   </div>
   <div class='ocr_carea' id='block_1_6' title="bbox 380 1486 1274 1637">
    <p class='ocr_par' dir='ltr' id='par_1_8' title="bbox 380 1486 1274 1637">
     <span class='ocr_line' id='line_1_19' title="bbox 380 1486 655 1531; baseline -0.007 -10"><span class='ocrx_word' id='word_1_131' title='bbox 380 1487 470 1521; x_wconf 90' lang='lat' dir='ltr'>nihil</span> <span class='ocrx_word' id='word_1_132' title='bbox 489 1486 655 1531; x_wconf 84' lang='lat' dir='ltr'>comperi.</span> 
     </span>
     <span class='ocr_line' id='line_1_20' title="bbox 871 1598 1274 1637; baseline 0 -5"><span class='ocrx_word' id='word_1_133' title='bbox 871 1598 998 1632; x_wconf 90' lang='lat' dir='ltr'>OSBE</span> <span class='ocrx_word' id='word_1_134' title='bbox 1003 1598 1146 1633; x_wconf 87' lang='lat' dir='ltr'><strong>RTUS.</strong></span> <span class='ocrx_word' id='word_1_135' title='bbox 1191 1600 1274 1637; x_wconf 80' lang='lat'>979.</span> 
     </span>
    </p>
   </div>
   <div class='ocr_carea' id='block_1_7' title="bbox 375 1712 1769 2101">
    <p class='ocr_par' dir='ltr' id='par_1_9' title="bbox 375 1712 1769 2101">
     <span class='ocr_line' id='line_1_21' title="bbox 378 1712 1769 1759; baseline -0.002 -9"><span class='ocrx_word' id='word_1_136' title='bbox 378 1716 601 1754; x_wconf 75' lang='lat' dir='ltr'>OsnERTUs‚</span> <span class='ocrx_word' id='word_1_137' title='bbox 630 1713 819 1749; x_wconf 85' lang='lat' dir='ltr'>canonicus</span> <span class='ocrx_word' id='word_1_138' title='bbox 849 1713 1034 1759; x_wconf 86' lang='lat' dir='ltr'>regularis,</span> <span class='ocrx_word' id='word_1_139' title='bbox 1065 1717 1172 1758; x_wconf 87' lang='lat' dir='ltr'>atque</span> <span class='ocrx_word' id='word_1_140' title='bbox 1197 1713 1335 1757; x_wconf 88' lang='lat' dir='ltr'>primus</span> <span class='ocrx_word' id='word_1_141' title='bbox 1361 1712 1468 1746; x_wconf 85' lang='lat' dir='ltr'>abbas</span> <span class='ocrx_word' id='word_1_142' title='bbox 1494 1713 1700 1747; x_wconf 82' lang='lat' dir='ltr'>monasterii</span> <span class='ocrx_word' id='word_1_143' title='bbox 1725 1714 1769 1747; x_wconf 88' lang='lat' dir='ltr'>de</span> 
     </span>
     <span class='ocr_line' id='line_1_22' title="bbox 377 1769 1767 1815; baseline -0.003 -7"><span class='ocrx_word' id='word_1_144' title='bbox 377 1773 557 1813; x_wconf 87' lang='lat' dir='ltr'>Jedwode,</span> <span class='ocrx_word' id='word_1_145' title='bbox 583 1773 659 1806; x_wconf 90' lang='lat' dir='ltr'>sive</span> <span class='ocrx_word' id='word_1_146' title='bbox 676 1770 871 1815; x_wconf 86' lang='lat' dir='ltr'>Jedbourg,</span> <span class='ocrx_word' id='word_1_147' title='bbox 898 1770 955 1803; x_wconf 87' lang='lat' dir='ltr'>vir</span> <span class='ocrx_word' id='word_1_148' title='bbox 972 1781 1044 1804; x_wconf 90' lang='lat' dir='ltr'>non</span> <span class='ocrx_word' id='word_1_149' title='bbox 1062 1775 1203 1804; x_wconf 86' lang='lat' dir='ltr'>tantum</span> <span class='ocrx_word' id='word_1_150' title='bbox 1222 1770 1407 1803; x_wconf 87' lang='lat' dir='ltr'>literatura</span> <span class='ocrx_word' id='word_1_151' title='bbox 1431 1769 1580 1803; x_wconf 87' lang='lat' dir='ltr'>seculari</span> <span class='ocrx_word' id='word_1_152' title='bbox 1607 1775 1642 1803; x_wconf 90' lang='lat' dir='ltr'>et</span> <span class='ocrx_word' id='word_1_153' title='bbox 1667 1780 1767 1804; x_wconf 84' lang='lat' dir='ltr'>sacra</span> 
     </span>
     <span class='ocr_line' id='line_1_23' title="bbox 377 1827 1766 1873; baseline -0.001 -9"><span class='ocrx_word' id='word_1_154' title='bbox 377 1830 684 1868; x_wconf 87' lang='lat' dir='ltr'>instructissimus,</span> <span class='ocrx_word' id='word_1_155' title='bbox 703 1828 909 1873; x_wconf 87' lang='lat' dir='ltr'>integritate</span> <span class='ocrx_word' id='word_1_156' title='bbox 927 1827 1022 1861; x_wconf 87' lang='lat' dir='ltr'>vitae</span> <span class='ocrx_word' id='word_1_157' title='bbox 1040 1831 1075 1861; x_wconf 85' lang='lat' dir='ltr'>et</span> <span class='ocrx_word' id='word_1_158' title='bbox 1092 1827 1259 1873; x_wconf 89' lang='lat' dir='ltr'>religiosa</span> <span class='ocrx_word' id='word_1_159' title='bbox 1283 1827 1511 1871; x_wconf 89' lang='lat' dir='ltr'>simplicitate</span> <span class='ocrx_word' id='word_1_160' title='bbox 1536 1827 1766 1867; x_wconf 84' lang='lat' dir='ltr'>admirabilis,</span> 
     </span>
     <span class='ocr_line' id='line_1_24' title="bbox 375 1888 518 1933; baseline -0.007 -11"><span class='ocrx_word' id='word_1_161' title='bbox 375 1888 518 1933; x_wconf 85' lang='lat' dir='ltr'>scripsit</span> 
     </span>
     <span class='ocr_line' id='line_1_25' title="bbox 520 1941 1370 1988; baseline -0.002 -11"><span class='ocrx_word' id='word_1_162' title='bbox 520 1943 579 1978; x_wconf 91' lang='lat' dir='ltr'>Ad</span> <span class='ocrx_word' id='word_1_163' title='bbox 597 1942 771 1976; x_wconf 87' lang='lat' dir='ltr'>Davidem</span> <span class='ocrx_word' id='word_1_164' title='bbox 791 1941 840 1975; x_wconf 94' lang='grc' dir='ltr'>ΙΙ.</span> <span class='ocrx_word' id='word_1_165' title='bbox 860 1941 994 1988; x_wconf 87' lang='lat' dir='ltr'>Regem</span> <span class='ocrx_word' id='word_1_166' title='bbox 1009 1942 1252 1975; x_wconf 88' lang='lat' dir='ltr'>Fundatorem</span> <span class='ocrx_word' id='word_1_167' title='bbox 1265 1941 1325 1975; x_wconf 90' lang='lat' dir='ltr'>lib.</span> <span class='ocrx_word' id='word_1_168' title='bbox 1345 1950 1370 1975; x_wconf 95' lang='lat'>1.</span> 
     </span>
     <span class='ocr_line' id='line_1_26' title="bbox 519 1998 1763 2043; baseline -0.002 -9"><span class='ocrx_word' id='word_1_169' title='bbox 519 2001 574 2035; x_wconf 85' lang='lat' dir='ltr'>De</span> <span class='ocrx_word' id='word_1_170' title='bbox 592 2000 818 2034; x_wconf 87' lang='lat' dir='ltr'>Fundatione</span> <span class='ocrx_word' id='word_1_171' title='bbox 836 1998 1046 2032; x_wconf 88' lang='lat' dir='ltr'>Monasterii</span> <span class='ocrx_word' id='word_1_172' title='bbox 1065 1999 1120 2032; x_wconf 89' lang='lat' dir='ltr'>sui</span> <span class='ocrx_word' id='word_1_173' title='bbox 1260 1999 1321 2033; x_wconf 91' lang='lat' dir='ltr'>lib.</span> <span class='ocrx_word' id='word_1_174' title='bbox 1342 2008 1368 2032; x_wconf 89' lang='grc' dir='ltr'>Ι.</span> <span class='ocrx_word' id='word_1_175' title='bbox 1408 2010 1426 2032; x_wconf 92' lang='lat' dir='ltr'>e</span> <span class='ocrx_word' id='word_1_176' title='bbox 1460 2009 1532 2043; x_wconf 92' lang='lat' dir='ltr'>quo</span> <span class='ocrx_word' id='word_1_177' title='bbox 1565 2009 1669 2043; x_wconf 89' lang='lat' dir='ltr'>opere</span> <span class='ocrx_word' id='word_1_178' title='bbox 1704 1999 1763 2033; x_wconf 81' lang='lat' dir='ltr'>isti</span> 
     </span>
     <span class='ocr_line' id='line_1_27' title="bbox 569 2055 1452 2101; baseline -0.001 -10"><span class='ocrx_word' id='word_1_179' title='bbox 569 2068 692 2091; x_wconf 87' lang='lat' dir='ltr'>versus</span> <span class='ocrx_word' id='word_1_180' title='bbox 711 2061 795 2090; x_wconf 84' lang='lat' dir='ltr'>sunt</span> <span class='ocrx_word' id='word_1_181' title='bbox 813 2056 850 2090; x_wconf 88' lang='lat' dir='ltr'>in</span> <span class='ocrx_word' id='word_1_182' title='bbox 869 2055 1131 2091; x_wconf 80' lang='lat' dir='ltr'>Scotichronico</span> <span class='ocrx_word' id='word_1_183' title='bbox 1149 2056 1210 2090; x_wconf 89' lang='lat' dir='ltr'>lib.</span> <span class='ocrx_word' id='word_1_184' title='bbox 1230 2065 1269 2090; x_wconf 85' lang='lat' dir='ltr'>x.</span> <span class='ocrx_word' id='word_1_185' title='bbox 1289 2067 1364 2101; x_wconf 90' lang='lat' dir='ltr'>cap.</span> <span class='ocrx_word' id='word_1_186' title='bbox 1384 2065 1452 2090; x_wconf 86' lang='lat' dir='ltr'>XL.</span> 
     </span>
    </p>
   </div>
   <div class='ocr_carea' id='block_1_8' title="bbox 674 2119 1435 2205">
    <p class='ocr_par' dir='ltr' id='par_1_10' title="bbox 674 2119 1435 2205">
     <span class='ocr_line' id='line_1_28' title="bbox 674 2119 1435 2158; baseline 0.001 -11"><span class='ocrx_word' id='word_1_187' title='bbox 674 2119 773 2154; x_wconf 79' lang='lat' dir='ltr'>Unda,</span> <span class='ocrx_word' id='word_1_188' title='bbox 787 2129 898 2153; x_wconf 86' lang='lat' dir='ltr'>nemus,</span> <span class='ocrx_word' id='word_1_189' title='bbox 914 2129 980 2148; x_wconf 86' lang='lat' dir='ltr'>vere</span> <span class='ocrx_word' id='word_1_190' title='bbox 994 2119 1051 2148; x_wconf 91' lang='lat' dir='ltr'>duo</span> <span class='ocrx_word' id='word_1_191' title='bbox 1064 2126 1132 2148; x_wconf 90' lang='lat' dir='ltr'>sunt</span> <span class='ocrx_word' id='word_1_192' title='bbox 1146 2121 1219 2149; x_wconf 86' lang='lat' dir='ltr'>bona</span> <span class='ocrx_word' id='word_1_193' title='bbox 1232 2126 1300 2148; x_wconf 81' lang='lat' dir='ltr'>nata</span> <span class='ocrx_word' id='word_1_194' title='bbox 1313 2120 1435 2158; x_wconf 80' lang='lat' dir='ltr'>placere,</span> 
     </span>
     <span class='ocr_line' id='line_1_29' title="bbox 674 2166 1388 2205; baseline 0.001 -10"><span class='ocrx_word' id='word_1_195' title='bbox 674 2166 869 2204; x_wconf 84' lang='lat' dir='ltr'>Compositum</span> <span class='ocrx_word' id='word_1_196' title='bbox 885 2166 922 2194; x_wconf 90' lang='lat' dir='ltr'>de</span> <span class='ocrx_word' id='word_1_197' title='bbox 935 2176 967 2195; x_wconf 85' lang='lat' dir='ltr'>re</span> <span class='ocrx_word' id='word_1_198' title='bbox 981 2166 1027 2195; x_wconf 86' lang='lat' dir='ltr'>dic</span> <span class='ocrx_word' id='word_1_199' title='bbox 1040 2167 1154 2205; x_wconf 84' lang='lat' dir='ltr'>singula</span> <span class='ocrx_word' id='word_1_200' title='bbox 1166 2167 1261 2196; x_wconf 85' lang='lat' dir='ltr'>laudis</span> <span class='ocrx_word' id='word_1_201' title='bbox 1274 2167 1388 2196; x_wconf 84' lang='lat' dir='ltr'>habere.</span> 
     </span>
    </p>
   </div>
   <div class='ocr_carea' id='block_1_9' title="bbox 518 2223 1364 2270">
    <p class='ocr_par' dir='ltr' id='par_1_11' title="bbox 518 2223 1364 2270">
     <span class='ocr_line' id='line_1_30' title="bbox 518 2223 1364 2270; baseline -0.001 -11"><span class='ocrx_word' id='word_1_202' title='bbox 518 2225 692 2270; x_wconf 87' lang='lat' dir='ltr'>Regulam</span> <span class='ocrx_word' id='word_1_203' title='bbox 711 2225 755 2257; x_wconf 86' lang='lat' dir='ltr'>ad</span> <span class='ocrx_word' id='word_1_204' title='bbox 775 2223 920 2257; x_wconf 87' lang='lat' dir='ltr'>Fratres</span> <span class='ocrx_word' id='word_1_205' title='bbox 1258 2224 1319 2258; x_wconf 90' lang='lat' dir='ltr'>lib.</span> <span class='ocrx_word' id='word_1_206' title='bbox 1339 2233 1364 2258; x_wconf 93' lang='lat'>1.</span> 
     </span>
    </p>
   </div>
   <div class='ocr_carea' id='block_1_10' title="bbox 419 2280 1758 2373">
    <p class='ocr_par' dir='ltr' id='par_1_12' title="bbox 419 2280 1758 2373">
     <span class='ocr_line' id='line_1_31' title="bbox 516 2280 1365 2325; baseline -0.005 -9"><span class='ocrx_word' id='word_1_207' title='bbox 516 2281 610 2316; x_wconf 87' lang='lat' dir='ltr'>Acta</span> <span class='ocrx_word' id='word_1_208' title='bbox 627 2281 784 2325; x_wconf 86' lang='lat' dir='ltr'>Capituli</span> <span class='ocrx_word' id='word_1_209' title='bbox 1258 2280 1319 2313; x_wconf 87' lang='lat' dir='ltr'>lib.</span> <span class='ocrx_word' id='word_1_210' title='bbox 1339 2288 1365 2313; x_wconf 90' lang='lat'>1.</span> 
     </span>
     <span class='ocr_line' id='line_1_32' title="bbox 419 2334 1758 2373; baseline -0.003 0"><span class='ocrx_word' id='word_1_211' title='bbox 419 2339 568 2373; x_wconf 86' lang='lat' dir='ltr'>Creatus</span> <span class='ocrx_word' id='word_1_212' title='bbox 599 2339 706 2372; x_wconf 87' lang='lat' dir='ltr'>abbas</span> <span class='ocrx_word' id='word_1_213' title='bbox 738 2349 832 2372; x_wconf 88' lang='lat' dir='ltr'>anno</span> <span class='ocrx_word' id='word_1_214' title='bbox 863 2346 1073 2371; x_wconf 76' lang='lat' dir='ltr'>MCXLVIII.</span> <span class='ocrx_word' id='word_1_215' title='bbox 1107 2337 1195 2371; x_wconf 91' lang='lat' dir='ltr'>obiit</span> <span class='ocrx_word' id='word_1_216' title='bbox 1231 2344 1440 2370; x_wconf 78' lang='lat' dir='ltr'><strong>MCLXle.</strong></span> <span class='ocrx_word' id='word_1_217' title='bbox 1472 2334 1758 2370; x_wconf 87' lang='lat' dir='ltr'>Scotichronicon</span> 
     </span>
    </p>
   </div>
   <div class='ocr_carea' id='block_1_11' title="bbox 327 2397 772 2440">
    <p class='ocr_par' dir='ltr' id='par_1_13' title="bbox 327 2397 772 2440">
     <span class='ocr_line' id='line_1_33' title="bbox 327 2397 772 2440; baseline -0.009 -8"><span class='ocrx_word' id='word_1_218' title='bbox 327 2422 331 2425; x_wconf 88' lang='lat'>-</span> <span class='ocrx_word' id='word_1_219' title='bbox 369 2397 428 2432; x_wconf 91' lang='lat' dir='ltr'>lib.</span> <span class='ocrx_word' id='word_1_220' title='bbox 448 2405 537 2430; x_wconf 83' lang='lat' dir='ltr'>vm.</span> <span class='ocrx_word' id='word_1_221' title='bbox 556 2407 632 2440; x_wconf 84' lang='lat' dir='ltr'>cap.</span> <span class='ocrx_word' id='word_1_222' title='bbox 652 2404 772 2429; x_wconf 75' lang='lat' dir='ltr'>xxw.</span> 
     </span>
    </p>
   </div>
  </div>
 </body>
</html>
