2060 2848
386 304 449 335 486
770 301 1003 336 HISTORIA
1028 298 1403 335 ECCLESIASTICA

847 456 884 490 S.
912 454 1221 490 MODESTUS.·
1252 458 1336 494 920.

388 572 423 606 S.
444 572 678 613 MODESTUS,
701 572 888 617 episcopus
906 571 1104 606 Liburniae
1121 572 1159 606 in
1177 570 1366 606 Sclavonia
1392 582 1413 605 a
1431 569 1467 605 S.
1487 570 1642 617 Virgilio
1661 572 1790 606 consti-

389 635 501 671 tutus,
521 635 542 650 “
561 634 602 665 ut
620 642 660 665 ea
677 641 765 676 gens
783 641 804 664 a
823 630 953 664 ritibus
971 629 1192 664 idololatriae
1216 627 1484 669 revocaretur‚’'
1511 629 1562 663 ait
1589 640 1789 674 anonymus

388 693 512 723 auctor
529 689 626 723 vitae
644 688 680 722 S.
700 687 901 722 Gebehardi
920 692 1008 721 tom,
1028 694 1082 720 v1.
1101 687 1297 731 Antiquar.
1317 686 1542 727 Lectionum,
1562 687 1705 731 scripsit

535 745 595 780 Ad
613 745 809 780 Ecclesiam
829 756 930 779 suam
1135 744 1196 778 lib.
1217 753 1242 777 1.
1295 743 1374 777 MS.
1394 742 1604 790 Salisburgi.

533 803 716 849 Epistolas
1136 801 1197 835 lib.
1219 809 1244 834 1.
1271 801 1311 834 in
1336 800 1468 845 quibus
1494 799 1640 836 Scotum
1666 813 1703 836 se
1729 813 1790 836 no-

584 861 710 900 minat,
732 860 834 904 epist.
856 868 928 894 vn.
983 855 1202 893 Prodierunt
1219 858 1455 904 Argentinae.

436 919 574 953 Clamit
593 929 687 953 anno
706 926 956 951 DCCLxxvn.
1010 917 1151 951 Colitur
1169 925 1205 951 v.
1227 915 1443 950 Decembris.

698 1033 934 1069 JOANNES
960 1032 1331 1067 MACHABAEUS.
1388 1034 1471 1071 921.

384 1152 578 1186 JOANNES
596 1151 848 1190 Machabaeus,
867 1154 1007 1184 mutata
1025 1149 1063 1182 in
1082 1149 1201 1183 Scotia
1218 1149 1402 1195 religione,
1428 1147 1525 1195 fugit
1547 1149 1585 1183 in
1602 1149 1787 1196 Angliam,

386 1210 524 1244 Nicolai
543 1209 730 1249 Shaxtoni,
749 1208 1029 1243 Sarisburiensis
1056 1207 1223 1255 episcopi,
1250 1210 1286 1240 et
1313 1206 1507 1241 Cromuelli
1530 1207 1688 1242 amicitia
1708 1208 1791 1243 sub-

384 1270 544 1308 levatus3
578 1268 660 1301 inde
691 1267 729 1300 in
761 1267 917 1301 Daniam
949 1260 1133 1304 concessit,
1166 1269 1202 1298 et
1232 1264 1334 1299 varia
1365 1265 1439 1311 egit
1468 1276 1582 1310 usque
1612 1266 1657 1299 ad
1683 1266 1789 1301 finem

385 1326 541 1360 fortuna.
596 1325 747 1370 Scripsit

531 1383 586 1417 De
604 1395 690 1417 vera
707 1388 742 1417 et
761 1382 851 1417 falsa
868 1381 1030 1415 Ecclesia
1380 1379 1443 1414 lib.
1464 1389 1489 1414 1.

534 1440 713 1475 Themata
730 1441 905 1486 quaedam
923 1439 961 1473 in
979 1437 1098 1472 Dania
1115 1438 1299 1482 disputata
1379 1433 1441 1471 lib.
1461 1447 1487 1472 1.

434 1499 536 1534 Obiit
564 1499 763 1533 Christiani
794 1498 932 1532 Daniae
963 1497 1058 1542 regis
1089 1495 1277 1530 familiaris
1309 1500 1344 1530 et
1376 1496 1598 1543 proregibus,
1633 1497 1788 1533 Scotiam

386 1557 600 1592 factionibus
619 1567 722 1591 saeve
740 1555 990 1594 lacerantibus,
1009 1565 1104 1588 anno
1123 1561 1227 1587 MDL.

648 1670 950 1707 GULIELMUS
977 1668 1386 1705 MANDERSTOUN.
1439 1672 1523 1708 922.

389 1790 640 1823 GULIELMUS
654 1788 927 1827 Manderstoun,
946 1785 1159 1820 Parisiensis
1173 1786 1331 1819 medicus
1350 1786 1435 1820 clari
1453 1787 1620 1828 nominis,
1640 1791 1675 1823 et
1692 1794 1734 1823 ut
1747 1802 1787 1824 ea

388 1847 548 1881 ferebant
565 1847 683 1881 secula
701 1845 875 1885 eruditus,
894 1855 1001 1889 opera
1019 1855 1084 1877 sua
1110 1843 1289 1877 dedicavit
1314 1843 1481 1878 Andreae
1508 1844 1678 1887 Forman,
1706 1846 1788 1882 Sco-

386 1906 456 1939 tiae
474 1905 632 1949 primati.
685 1902 780 1949 Ejus
798 1907 884 1936 sunt
910 1902 1089 1947 permulta
1114 1903 1154 1936 in
1180 1903 1289 1937 variis
1316 1903 1474 1938 scientiis
1500 1904 1692 1951 diligenter
1717 1907 1786 1941 ela-

386 1964 522 2003 borata,
541 1963 602 1997 scd
620 1973 686 2008 ego
702 1961 789 1995 haec
806 1971 919 2004 pauca
937 1963 1078 1993 tantum
1098 1961 1190 1994 vidi:

535 2019 776 2065 Tripartitum
808 2017 981 2062 Epitoma
1012 2018 1207 2053 doctrinale
1233 2022 1268 2053 et
1294 2020 1584 2064 compendiosum
1610 2021 1648 2055 in
1675 2022 1785 2057 totius

585 2077 800 2111 Dialecticae
818 2075 922 2109 Artis
942 2075 1125 2120 Principia
1329 2077 1390 2112 lib.
1412 2086 1437 2111 1.

537 2136 791 2175 Quaestionem
809 2134 852 2168 de
870 2133 994 2167 futuro
1014 2133 1248 2180 Contingenti
1329 2135 1390 2169 lib.
1411 2144 1437 2169 1.

537 2193 580 2227 In
598 2193 765 2227 Ethicam
784 2192 991 2226 Aristotelis
1009 2192 1054 2225 ad
1073 2191 1331 2226 Nicomachum
1350 2193 1633 2229 Commentarios
1677 2193 1737 2228 lib.
1759 2204 1783 2229 1.

537 2251 592 2285 De
609 2251 701 2286 Arte
718 2250 892 2296 Chymica
1330 2250 1391 2285 lib.
1412 2260 1436 2285 1.

439 2309 540 2344 Obiit
557 2320 650 2344 anno
672 2317 809 2343 MDxx.
830 2308 867 2343 in
886 2307 1006 2343 Scotia
1024 2319 1068 2342 an
1089 2307 1216 2348 Gallia,
1235 2307 1374 2354 ignoro.
