2060 2848
353 317 414 345 ‘35³0
733 315 965 348 HISTORIA
990 315 1362 348 ECCLESIASTICA

359 419 410 442 vl.
430 411 486 444 die
504 419 558 443 VI.
578 409 813 444 Novembris:
842 414 863 429 “
885 409 1023 444 Habuit
1041 410 1078 444 in
1097 409 1313 444 consortium
1332 408 1575 452 suscipiendae
1593 410 1748 455 peregri-

354 469 509 502 nationis
528 468 732 513 conjuratos
750 468 788 501 in
811 467 946 501 Christi
973 472 1193 502 sacramenta
1219 472 1386 511 tyrones3
1414 466 1670 505 Quadanocum
1695 468 1746 501 vi-

354 526 490 566 delicet,
511 525 739 571 Ingenocum,
763 530 799 559 et
823 525 1025 565 Madocum,
1050 536 1178 570 genere
1203 524 1347 568 quidem
1372 523 1591 567 spectabiles,
1619 530 1653 559 et
1671 525 1747 559 vita

354 583 585 627 probabiles.”
637 582 712 616 Nec
729 584 833 627 plura
856 583 899 616 de
922 583 994 616 illo.
1047 582 1200 616 Beatum
1227 585 1331 615 vocat
1358 580 1537 615 Henricus
1564 581 1746 616 Costerius

353 643 389 674 in
410 640 549 674 Arbore
567 640 788 680 Bertiniana,
807 644 842 674 et
861 639 1048 674 Ferreolus
1068 639 1216 674 Locrius
1236 638 1368 673 Chron.
1395 638 1497 685 Belg.
1516 650 1595 685 pag.
1616 649 1745 673 LXXX.

357 698 518 743 Scripsit,
537 703 577 731 ut
596 698 758 731 nonnulli
777 702 917 741 putant,
976 696 978 698 ’

501 754 555 788 De
573 754 675 789 Actis
693 754 835 788 WVinoci
856 754 1023 800 Magistri
1348 753 1405 787 lib.
1425 763 1450 787 Ι.

402 814 540 847 Claruit
558 824 651 847 anno
671 820 871 846 Dcxcvm.

860 927 1094 962 JACOBUS.
1149 929 1231 965 713.

349 1045 372 1078 J
375 1054 529 1079 ACOBUS
549 1044 576 1078 Ι.
597 1044 745 1078 Roberti
764 1043 858 1077 filius
883 1042 959 1088 (qui
984 1048 1020 1077 et
1042 1043 1117 1087 ipse
1136 1043 1286 1078 Roberti
1306 1043 1334 1077 1.
1360 1055 1404 1077 ex
1428 1043 1602 1078 Mariotta
1625 1055 1745 1089 nepos,

350 1104 487 1147 primus
513 1107 692 1148 sceptrum
720 1101 758 1135 in
786 1100 1014 1135 Stuartorum
1041 1100 1214 1135 familiam
1241 1101 1381 1147 intulit)
1409 1102 1495 1135 dum
1523 1101 1561 1134 in
1593 1101 1746 1136 Galliam

350 1159 587 1200 contenderet,
612 1171 632 1194 a
655 1159 904 1204 praedonibus,
931 1163 972 1192 ut
998 1159 1161 1192 nonnulli
1188 1160 1324 1198 volunt,
1352 1163 1415 1193 aut
1442 1159 1487 1193 ab
1510 1158 1658 1193 Henrici
1680 1159 1744 1194 IV.

351 1218 552 1263 Anglorum
581 1217 674 1263 regis
701 1216 888 1255 ministris,
915 1216 1010 1264 quod
1038 1216 1158 1249 verius
1185 1221 1250 1256 est,
1277 1222 1413 1261 captus,
1439 1217 1535 1261 patri
1562 1217 1744 1263 ingentem

350 1287 546 1309 moerorem
566 1275 700 1314 attulit,
719 1285 790 1318 quo
807 1274 924 1307 victus
944 1274 1090 1308 tertium
1114 1278 1195 1317 post
1221 1274 1314 1307 diem
1339 1275 1462 1308 audito
1488 1275 1618 1309 nuncio
1645 1275 1743 1309 obiit.

350 1332 441 1365 Erat
460 1333 499 1372 is,
519 1343 599 1366 cum
619 1336 804 1375 caperetur
818 1342 838 1364 a
852 1331 961 1364 classe
974 1329 1188 1376 Anglicana,
1203 1336 1308 1365 natus
1324 1340 1399 1364 ΧΠ.
1415 1343 1538 1366 annos.
1576 1331 1744 1377 Polydor.

349 1389 478 1435 Virgil.
498 1389 557 1422 lib.
578 1397 666 1422 xx1.
688 1388 826 1421 Histor.
853 1387 1044 1433 Anglican.
1072 1388 1116 1421 ad
1143 1388 1261 1422 finem.
1315 1388 1436 1423 Verba
1462 1388 1628 1423 Hectoris
1656 1389 1746 1424 Boe-

349 1447 416 1480 thii
435 1458 478 1480 ex
497 1446 556 1480 lib.
577 1455 662 1479 XVI.
685 1445 824 1479 Histor.
845 1444 939 1479 Scot.
967 1456 1048 1491 pag.
1070 1454 1216 1480 cccxx„
1243 1457 1432 1491 apponam.
1485 1451 1507 1466 “
1526 1446 1667 1481 Placuit
1692 1458 1746 1481 ca-

347 1505 486 1548 ptivum
523 1504 723 1543 observare,
758 1503 1006 1537 benevolentia
1037 1508 1156 1537 tamen
1196 1504 1290 1549 regis
1325 1504 1495 1538 adhibitis
1530 1505 1745 1551 paedagogis

349 1563 445 1596 omni
459 1574 503 1596 ex
519 1567 620 1606 parte
633 1561 867 1605 probissimis,
883 1561 1191 1604 doctissimisque3
1211 1561 1270 1605 qui
1287 1572 1368 1594 cum
1383 1561 1576 1595 liberaliori
1589 1562 1745 1606 discipli-

349 1631 395 1653 na
412 1620 671 1658 institueretur,
693 1629 767 1658 neC,
786 1622 827 1651 ut
845 1618 883 1651 in
901 1618 1056 1662 propriis
1074 1617 1114 1651 fit
1133 1618 1235 1658 aulis,
1252 1629 1318 1662 per
1335 1619 1574 1652 adulationem
1589 1630 1744 1654 corrum-

349 1682 502 1721 peretur,
521 1677 558 1709 in
577 1680 712 1710 tantam
734 1687 872 1709 morum
892 1675 1008 1709 evasit
1025 1674 1251 1719 probitatem,
1270 1681 1377 1720 atque
1395 1677 1555 1710 omnium
1570 1676 1744 1711 bonarum

350 1735 617 1778 disciplinarum
637 1733 883 1772 eruditionem,
911 1739 951 1767 ut
977 1733 1014 1766 in
1041 1744 1113 1766 una
1140 1733 1295 1777 qualibet
1323 1734 1398 1767 sola
1424 1733 1600 1778 exquisite
1626 1746 1743 1769 versa—

349 1798 406 1826 tus
426 1793 616 1825 videretur.
657 1790 755 1824 Ense
775 1801 856 1824 cum
874 1791 986 1824 altero
1004 1790 1181 1830 dimicare,
1197 1795 1232 1824 et
1250 1791 1353 1825 hasta
1370 1791 1414 1825 ad
1432 1802 1590 1837 unguem
1609 1797 1743 1827 certare

349 1850 398 1883 sic
424 1849 581 1889 callebat,
608 1855 649 1883 ut
676 1849 705 1883 si
732 1850 924 1882 luctantem
954 1847 1114 1888 vidisses,
1143 1848 1314 1882 athletam
1339 1849 1511 1882 dixisses:
1543 1849 1580 1882 in
1605 1850 1742 1884 choreis

349 1907 667 1951 saltationibusque
686 1906 899 1944 levissimus,
926 1906 1226 1949 promptissimus,
1254 1906 1478 1951 maximeque
1496 1907 1624 1941 habilis
1643 1914 1718 1942 erat
1734 1918 1742 1941 z

349 1965 519 1998 musicam
547 1969 668 1998 exacte
694 1964 847 2003 tenebat,
880 1974 919 1996 ac
946 1963 1116 2007 quicquid
1145 1964 1196 1996 illi
1228 1965 1297 1998 arti
1328 1964 1430 1998 affine
1461 1969 1539 2004 est3
1568 1964 1741 1999 citharam

349 2023 512 2066 pulsabat
531 2022 793 2067 appositissime
811 2026 918 2066 atque
936 2021 971 2054 id
996 2032 1109 2066 genus
1134 2021 1302 2055 utebatur
1328 2022 1576 2056 instrumentis
1602 2023 1742 2067 peritis-

349 2081 448 2114 sime.
499 2080 580 2114 Jam
601 2091 684 2113 vero
704 2079 932 2113 humaniores
960 2083 1065 2118 artes,
1092 2079 1374 2124 grammaticam,
1399 2080 1603 2121 oratoriam,
1632 2082 1743 2124 poeti-

349 2150 506 2182 camque,
533 2143 574 2172 ut
591 2143 668 2171 tum
688 2137 870 2181 temporis,
890 2137 1017 2170 eximie
1036 2141 1210 2170 noverat:
1237 2136 1275 2169 in
1301 2137 1426 2183 lingua
1452 2139 1642 2172 vernacula
1668 2143 1742 2172 tam

350 2201 474 2229 ornata
491 2195 641 2228 faciebat
659 2195 826 2234 carmina,
853 2199 893 2228 ut
918 2199 1058 2239 poetam
1085 2199 1209 2228 natum
1234 2195 1464 2235 credidisses3
1492 2194 1621 2228 Latine
1646 2206 1740 2235 vero,

351 2259 390 2286 ut
409 2258 484 2286 tuin
504 2264 579 2286 mos
597 2257 683 2291 erat,
704 2237 873 2296 temporis
896 2252 1029 2297 injuria
1048 2253 1229 2286 incondita
1247 2252 1401 2296 quidem,
1429 2257 1585 2285 attamen
1604 2253 1741 2298 gravis-

352 2311 451 2344 simis
469 2310 599 2343 referta
617 2310 801 2343 sententiis
820 2310 1037 2348 conficiebat,
1056 2314 1097 2343 ut
1115 2309 1217 2343 facile
1235 2314 1430 2354 appareret,
1450 2309 1479 2342 si
1502 2310 1662 2343 meliores
1681 2311 1740 2343 ad-

351 2368 456 2402 hibiti
475 2371 717 2412 praeceptores
736 2367 899 2408 fuissent,
913 2360 1028 2412 qualis
1043 2378 1214 2402 evasurus
1230 2372 1306 2401 tum
1320 2367 1457 2401 fuisset.
1494 2366 1663 2412 Physices
1678 2379 1740 2401 au-

353 2431 422 2459 tem
441 2435 568 2460 arcana
586 2429 763 2469 comperta
783 2430 908 2459 cuncta
925 2425 1100 2466 habebat3
1129 2425 1344 2471 theologiam
1372 2436 1412 2458 ac
1433 2425 1495 2470 jus
1513 2424 1573 2464 sic,
1592 2430 1632 2458 ut
1651 2426 1739 2459 nulli
