2060 2848
353 338 416 369 556
735 338 968 373 HISTORIA
992 339 1368 374 ECCLESIASTICA

824 492 859 527 S.
888 491 1131 527 RORTILA.
1186 493 1293 526 1043.

364 605 400 640 S.
425 606 629 648 RORTILA,
657 605 850 641 Verdensis
876 607 1061 651 episcopus
1087 614 1141 639 VI.
1168 616 1347 640 successor
1371 616 1495 640 eorum
1522 610 1544 626 “
1569 605 1754 641 Scotorum

364 674 452 708 quos
470 663 515 698 ob
532 663 636 698 fidem
655 664 846 710 egregiam,
870 664 1119 708 praeclaraque
1142 663 1180 696 in
1204 673 1241 696 se
1265 663 1405 703 merita,
1430 662 1578 698 Carolus
1597 664 1755 710 Magnus

363 721 495 755 dicitur
512 722 556 755 ad
574 721 781 765 praecipuos
799 720 973 754 Saxoniae
991 719 1184 754 debellatae
1201 719 1353 753 honores
1371 720 1564 755 evexisse.”
1597 720 1755 765 Philipp.

365 777 552 812 Belforest.
579 777 641 811 lib.
670 786 696 811 Ι.
720 777 858 810 Histor.
878 775 1036 810 Carolor.
1090 775 1200 810 Suam
1218 775 1276 810 hic
1294 776 1473 811 ecclesiam
1501 777 1694 821 prudenter
1719 783 1755 811 et

364 835 544 870 moderate
562 834 838 868 administravit.
888 832 1039 876 Scripsit

517 890 662 925 Statuta
678 889 857 925 Ecclesiae
874 889 1066 924 Verdensis
1312 889 1373 924 lib.
1393 899 1419 924 1.

414 949 536 983 Floret
554 959 648 982 anno
666 956 892 982 DeceXX1X.
941 946 1081 981 Albert.
1107 946 1298 981 crantzius
1316 947 1377 981 lib.
1398 956 1441 981 11.
1462 947 1653 993 Metropol.
1680 959 1755 994 cap.

366 1015 468 1041 XXX.
504 1004 649 1039 Suffrid.
663 1004 760 1038 Petr.
775 1004 836 1039 lib.
852 1013 877 1038 1.
892 1003 994 1050 Orig.
1009 1003 1140 1038 Saxon.
1155 1015 1231 1048 cap.
1247 1013 1315 1038 XV.
1351 1004 1396 1039 In
1409 1010 1613 1040 sanctorum
1624 1006 1757 1040 relatus

364 1073 565 1097 numerum.
612 1061 763 1096 Amold.
778 1061 899 1095 Uvion
913 1061 973 1095 lib.
990 1070 1032 1095 11.
1047 1060 1155 1107 Lign.
1174 1061 1281 1095 Vitae
1295 1073 1370 1106 cap.
1387 1071 1450 1096 LV.
1467 1062 1530 1107 qui
1548 1073 1630 1097 eum
1648 1062 1758 1097 Saxo-

364 1131 451 1154 num
477 1119 618 1154 feritate
643 1119 858 1164 martyrium
883 1129 1027 1163 passum
1054 1130 1098 1153 ex
1123 1117 1274 1153 Alberto
1300 1119 1470 1154 Crantzio
1496 1120 1618 1154 eodem
1644 1120 1705 1154 lib.
1730 1130 1755 1154 1.

365 1188 440 1222 cap.
457 1186 577 1211 XXIX.
592 1176 746 1221 Metrop.
761 1176 884 1217 docet3
903 1176 997 1210 diem
1015 1180 1135 1210 tamen
1153 1186 1224 1220 quo
1242 1176 1308 1211 coli
1327 1176 1452 1211 debeat
1469 1177 1515 1211 ab
1527 1178 1672 1212 ecclesia
1686 1187 1757 1211 non

364 1234 582 1279 praescribit.

801 1350 837 1385 S.
865 1349 1157 1385 RUMOLDUS.
1211 1351 1320 1385 1044.

362 1468 399 1502 S.
423 1467 674 1502 RUMOLDUM
700 1471 826 1501 natum
852 1477 896 1501 ex
920 1465 1039 1501 Scotia
1062 1466 1114 1501 ait
1137 1465 1236 1500 Petr.
1263 1464 1441 1510 Cratepol.
1468 1477 1550 1512 pag.
1578 1474 1756 1501 cxxv111.

364 1524 581 1570 Apostolum
599 1524 894 1559 Machliniensem
912 1528 989 1558 tota
1014 1524 1076 1558 illa
1097 1523 1282 1568 provincia
1299 1523 1384 1557 colit
1406 1535 1451 1558 ex
1468 1525 1612 1558 decreto
1629 1524 1755 1569 synodi

368 1591 394 1616 1.
414 1581 645 1616 Machlinien.
688 1581 877 1615 Usuardus
895 1580 1132 1627 Martyrolog.
1152 1581 1209 1614 die
1229 1589 1254 1614 1.
1272 1580 1384 1615 Julii:
1404 1585 1426 1601 “
1444 1581 1660 1616 Machliniae
1677 1592 1757 1626 pas-

365 1640 419 1674 sio
449 1639 484 1673 S.
516 1638 698 1679 Rumoldi,
728 1638 898 1683 martyris
928 1638 1175 1683 gloriosissimi
1207 1642 1315 1683 atque
1344 1638 1533 1683 pontificis,
1561 1639 1757 1674 'Scotorum

367 1696 462 1743 regis
492 1696 567 1736 filii,
595 1695 708 1742 signis
738 1700 774 1730 et
800 1695 962 1729 doctrina
988 1695 1174 1736 mirabilis,
1201 1695 1264 1739 qui
1294 1696 1424 1741 regalis
1452 1696 1672 1730 celsitudinis
1702 1707 1758 1730 so-

368 1754 458 1788 lium
479 1758 515 1788 et
536 1752 747 1798 pontificalis
771 1753 958 1799 dignitatis
984 1763 1154 1797 respuens
1175 1752 1358 1793 honorem,
1385 1751 1617 1787 Machliniam
1641 1753 1756 1797 petiit,

370 1811 437 1846 sibi
455 1811 629 1845 divinitus
652 1811 856 1851 revelatam,
879 1821 985 1855 quam
1005 1818 1095 1843 VIII.
1119 1810 1288 1844 kalendas
1309 1809 1400 1843 Julii
1423 1810 1642 1844 consecravit
1666 1821 1759 1844 mar-

369 1869 486 1912 tyrio;
513 1868 574 1902 sed
591 1868 676 1913 quia
693 1868 815 1902 eadem
833 1867 890 1902 die
915 1867 1130 1901 sanctissimi
1153 1866 1340 1911 Baptistae
1358 1872 1394 1902 et
1419 1869 1659 1912 praecursoris
1685 1867 1759 1902 Do-

370 1926 459 1960 mini
485 1925 682 1960 celebratur
706 1925 889 1965 nativitas,
915 1924 1100 1958 Romanus
1123 1923 1285 1969 pontifex
1308 1924 1515 1960 Alexander
1536 1925 1601 1960 IV.
1626 1926 1758 1970 passio-

369 1994 451 2018 nem
469 1983 583 2017 nostri
600 1983 770 2028 martyris
787 1983 826 2016 in
847 1982 1049 2017 nativitatis
1074 1982 1275 2026 praedictae
1301 1983 1435 2016 octavis
1460 1983 1620 2017 instituit
1645 1985 1757 2018 solen-

371 2041 518 2075 nizari.”
561 2040 690 2075 Petrus
708 2039 910 2074 Galesinius
927 2039 1049 2074 eodem
1067 2039 1145 2073 die:
1168 2044 1190 2059 “
1208 2039 1423 2074 Machliniae
1436 2039 1472 2074 S.
1488 2040 1671 2081 Rumoldi,
1686 2041 1758 2085 epi-

373 2099 470 2143 scopi
500 2103 535 2132 et
560 2098 740 2144 martyris.
792 2096 828 2131 Is
858 2097 958 2143 regio
988 2101 1105 2138 natus,
1136 2097 1231 2143 regis
1257 2097 1385 2142 spretis
1410 2098 1548 2142 opibus,
1574 2098 1756 2144 religionis

372 2167 478 2190 causa
495 2155 647 2191 Romam
665 2155 934 2202 peregrinatus3
959 2155 1041 2189 inde
1058 2155 1174 2201 angeli
1193 2155 1379 2189 admonitu
1397 2155 1628 2189 Machliniam
1647 2156 1756 2194 venit,
1788 2170 1792 2175 ·

371 2224 479 2258 quam
496 2214 541 2247 ad
558 2213 639 2248 fidei
657 2212 882 2247 Christianae
899 2212 1121 2256 disciplinam
1139 2212 1309 2252 instituit,
1335 2217 1371 2246 et
1396 2213 1569 2258 martyrio
1595 2223 1660 2247 suo
1677 2224 1758 2247 con-

372 2271 557 2305 secravit.'’
607 2270 843 2316 Martyrolog.
862 2270 1015 2304 Roman.
1035 2270 1179 2304 laudato
1200 2270 1280 2304 die:
1310 2275 1331 2290 ‘⁶
1349 2269 1563 2304 Machliniae
1585 2270 1703 2314 passio
1720 2270 1756 2304 S.

372 2328 542 2362 Rumoldi
554 2327 734 2372 martyris,
746 2327 932 2362 Scotorum
944 2327 1038 2373 regis
1052 2326 1127 2367 filii,
1138 2331 1173 2361 et
1185 2327 1339 2372 episcopi
1351 2326 1618 2361 Dublinensis.'’
1647 2327 1757 2362 Chro-

373 2385 577 2431 nographus
595 2384 857 2419 Cameracensis
875 2395 1085 2429 anonymus,
1105 2385 1167 2429 qui
1192 2384 1236 2418 ad
1261 2384 1459 2419 Gerardum
1487 2393 1530 2418 11.
1554 2384 1758 2429 episcopum

371 2442 657 2477 Cameracensem
687 2453 776 2486 opus
806 2453 910 2477 suum
942 2442 1133 2486 inscripsit,
1165 2446 1199 2476 et
1230 2440 1351 2476 floruit
1381 2442 1472 2476 circa
1507 2452 1640 2476 annum
1678 2443 1757 2476 mil-
