2060 2848
389 328 473 358 512*
771 326 1005 360 HISTORIA
1029 326 1408 360 ECCLESIASTICA

390 424 505 467 plena,
532 423 569 456 in
596 422 763 456 coenobio
787 426 977 463 transacta,
1004 422 1049 456 ad
1066 421 1183 456 Deum
1202 422 1374 468 migravit
1391 421 1543 456 officium
1563 423 1659 457 illius
1684 424 1790 457 eccle-

390 481 486 521 siae3
512 491 575 514 nec
594 491 677 514 vero
695 480 850 514 insolens
868 485 944 514 erat
962 480 1127 513 mulieres
1146 480 1285 513 evocari
1304 481 1348 514 ad
1366 481 1562 526 evangelici
1581 481 1697 524 operis
1713 492 1790 525 per-

391 537 590 578 fectionem,
609 549 692 572 nam
710 539 833 582 plenae
852 542 937 571 sunt
955 538 1145 571 memoriae
1168 538 1395 571 ecclesiarum
1413 548 1477 582 per
1495 537 1630 571 Gallias
1649 543 1685 572 et
1704 538 1792 572 Ger-

391 597 540 636 manias,
565 595 749 642 Angliam,
776 600 883 640 atque
902 595 1010 629 etiam
1030 594 1183 635 Italiam,
1210 599 1252 628 ut
1277 594 1413 628 insulas
1440 599 1617 629 nostrates
1643 599 1678 629 et
1706 595 1793 628 Hir-

392 655 546 688 landiam
566 654 742 693 omittam,
761 652 875 687 Scotis
893 652 1113 692 mulieribus,
1131 663 1222 697 quae
1240 662 1366 686 sexum
1384 663 1490 686 suum
1507 656 1793 698 praetergressae

393 711 461 746 Dei
479 711 630 757 gloriam
649 714 918 755 promoverunt.

441 768 610 803 Florebat
627 779 721 802 anno
735 776 885 801 DCCLX.
921 766 1063 801 Colitur
1077 775 1120 800 11.
1134 766 1284 800 Januar.
1323 765 1419 800 Acta
1435 767 1600 801 laudatae
1618 767 1793 801 ecclesiae.

687 881 987 916 RICHARDUS
1013 879 1360 915 OLIPHANTUS.
1413 882 1498 919 991.

393 1000 641 1033 RICHARDUS
660 998 891 1043 Oliphantus,
909 996 1131 1032 nobilissimo
1149 997 1226 1031 loco
1245 1002 1357 1038 ortus,
1372 996 1636 1031 Carmelitanae
1650 998 1795 1032 societa-

393 1058 440 1091 tis
471 1057 707 1104 gravissimus
733 1056 933 1102 theologus,
958 1055 995 1088 in
1017 1054 1195 1089 Patavino
1220 1055 1319 1099 lyceo
1345 1055 1409 1089 diu
1435 1066 1568 1101 magna
1597 1055 1794 1089 felicissimi

396 1115 532 1161 ingenii
546 1114 650 1148 laude
667 1114 862 1148 medicinae
880 1113 978 1147 dedit
991 1122 1151 1157 operam;
1172 1113 1232 1146 sed
1247 1113 1398 1147 certiora
1411 1112 1573 1158 'cogitans
1588 1113 1794 1147 immacula-

396 1178 453 1207 tae
470 1172 616 1218 Virgini
634 1183 671 1205 se
698 1171 847 1210 addixit,
875 1174 910 1205 et
936 1171 1082 1204 domum
1109 1170 1222 1203 redux
1248 1169 1475 1204 Aberdoniae
1501 1170 1715 1204 monachum
1742 1171 1795 1204 in-

396 1231 493 1270 duit3
513 1235 590 1264 tum
610 1229 763 1263 Romam
783 1228 827 1262 ob
846 1240 901 1262 res
920 1228 975 1262 sui
994 1227 1128 1266 ordinis
1147 1232 1306 1268 vocatus,
1324 1238 1368 1261 ex
1387 1228 1515 1261 itinere
1533 1228 1658 1262 morbo
1676 1227 1795 1261 Ticini

396 1287 575 1328 decubuit,
604 1298 623 1321 e
641 1298 712 1332 quo
729 1290 920 1325 recreatus,
947 1296 1084 1319 sacram
1110 1284 1327 1330 theologiam
1352 1284 1490 1329 primus
1516 1285 1652 1319 ordinis
1675 1285 1732 1319 sui
1758 1286 1796 1319 in

397 1346 518 1379 eadem
549 1344 731 1379 academia
760 1344 877 1388 coepit
907 1342 1077 1387 profiteri,
1109 1342 1319 1388 ingentique
1345 1353 1520 1377 concursu
1550 1343 1694 1377 auditus
1731 1347 1794 1377 est.

394 1402 545 1447 Scripsit

544 1459 717 1495 Lecturas
735 1459 963 1494 scholasticas
1340 1458 1402 1492 lib.
1423 1467 1448 1491 1.

543 1518 827 1553 Commentarios
845 1528 962 1551 sacros
1341 1517 1402 1551 lib.
1424 1525 1449 1550 1.
1488 1515 1694 1562 Utrumque
1707 1528 1797 1562 opus

591 1576 726 1620 prodiit
744 1586 787 1609 ex
804 1575 944 1610 Veneta
960 1574 985 1608 J
986 1579 1175 1609 unctarum
1193 1573 1341 1608 officina.

544 1633 599 1668 De
617 1633 786 1667 Conciliis
804 1632 1037 1667 oecumenicis
1335 1631 1397 1666 lib.
1419 1640 1445 1665 Ι.
1464 1636 1500 1666 et
1517 1632 1597 1665 alia.

447 1692 616 1726 Florebat
634 1702 727 1725 anno
741 1699 981 1732 MCCCLXIII.
1007 1694 1049 1724 ut
1067 1701 1111 1724 ex
1129 1690 1205 1724 vita
1221 1690 1337 1734 primo
1356 1690 1452 1733 operi
1471 1689 1628 1734 praefixa
1643 1694 1795 1724 constat.

398 1749 700 1794 Antiquissimam
727 1748 818 1782 hanc
846 1747 1019 1781 familiam
1051 1759 1126 1781 esse
1156 1748 1283 1792 probat
1316 1746 1500 1781 Hoveden.
1529 1758 1611 1793 pag.
1643 1756 1795 1781 cccxu.

397 1808 600 1842 Walterum
623 1804 778 1853 Oljfard
791 1817 856 1851 pro
878 1803 1007 1851 Olgflm
1025 1806 1092 1839 sub
1109 1801 1243 1840 annum
1264 1813 1453 1838 MCLXXV.
1472 1805 1585 1849 ponit.

707 1920 983 1956 ROBERTUS
1009 1919 1352 1963 OLIPHANTUS.
1406 1923 1488 1959 992.

401 2039 624 2074 ROBERTUS
659 2037 890 2083 Oliphantus,
922 2038 981 2071 vir
1007 2036 1262 2083 elegantissimi
1293 2036 1439 2082 ingenii,
1470 2036 1667 2082 Europam,
1695 2035 1796 2071 Afri-

400 2109 487 2137 cam,
528 2101 564 2131 et
607 2095 733 2130 Asiam
769 2095 1045 2140 laboriosissime
1083 2096 1269 2138 lustravit,v
1298 2095 1475 2130 Comitem
1515 2096 1725 2130 Mortonum
1759 2100 1795 2130 et

399 2154 653 2189 Vicecomitem
682 2153 921 2198 Oliphantum
947 2164 968 2187 a
993 2153 1118 2197 piratis
1143 2154 1273 2188 Turcis
1305 2158 1425 2199 captos
1452 2154 1703 2199 quaesiturus;
1731 2164 1794 2187 nec

400 2212 603 2246 frustranea
635 2223 675 2245 ea
709 2222 828 2255 opera,
866 2221 950 2245 nam
984 2212 1067 2245 licet
1101 2212 1236 2246 nobiles
1271 2212 1350 2246 illos
1386 2212 1481 2245 viros
1516 2211 1793 2256 haudquaquam

401 2269 559 2314 potuerit
589 2270 754 2313 reperire,
785 2274 905 2303 tamen
935 2270 1093 2303 maximo
1124 2281 1205 2303 cum
1235 2269 1356 2304 fructu
1384 2270 1546 2315 regiones
1575 2279 1695 2302 omnes
1722 2269 1796 2303 lus-

400 2326 523 2365 travit,
552 2331 587 2360 et
615 2332 656 2360 ut
687 2327 787 2360 varia
813 2327 1028 2367 observavit,
1059 2327 1180 2372 itaque
1210 2328 1248 2361 in
1284 2327 1488 2361 adversaria
1522 2327 1665 2360 sedulus
1699 2331 1795 2360 retu-

399 2385 453 2418 lit.
507 2383 636 2418 Redux
664 2384 702 2418 in
733 2384 898 2428 patriam,
929 2384 1158 2419 Ruthveniae
1189 2384 1447 2430 conjurationis
1474 2388 1658 2418 accusatus
1686 2394 1794 2428 regno

400 2442 515 2482 cessit,
542 2447 583 2475 ut
609 2446 693 2476 sunt
719 2452 931 2488 magnorum
960 2443 1185 2489 ingeniorum
1214 2442 1370 2476 infelices
1395 2447 1565 2483 eventus;
1593 2446 1672 2476 tuin
1698 2440 1794 2475 Tho·
