2060 2848
721 252 951 285 HISTORIA
975 252 1354 286 ECCLESIASTICA.
1667 252 1730 284 607

348 347 508 381 siasticae
535 345 638 391 fruge
664 345 952 380 foecundarunt.”
1002 345 1160 381 Annales
1183 351 1303 381 tamen
1327 349 1502 379 nostrates
1527 349 1728 379 constanter

349 403 535 437 Scotorum
570 401 679 436 fuisse
712 402 909 436 antistitem
941 403 1169 437 contendunt.
1221 402 1273 437 Et
1304 402 1403 436 Beda
1435 405 1547 435 totam
1577 401 1727 435 insulam

347 470 552 505 peragrasse
569 459 621 493 ait
637 459 698 492 lib.
714 467 767 492 lv.
786 457 991 492 Ecclesiast.
1007 458 1145 493 Histor.
1159 459 1263 492 Gent.
1277 458 1427 504 Anglor.
1446 469 1521 502 cap.
1542 467 1566 492 1.
1585 458 1646 502 qui
1663 457 1729 492 hoc

347 516 391 549 de
416 526 457 549 eo
483 516 637 561 elogium
660 515 840 549 subtexit:
864 520 884 534 ‘⁶
903 514 994 550 Erat
1019 515 1211 549 monachus
1238 515 1384 554 Romae,
1410 514 1552 548 nomine
1570 513 1730 548 Theodo-

347 583 421 612 rus,
451 576 556 606 natus
587 583 631 606 ex
661 571 801 606 Tharso
827 571 981 613 Ciliciae,
1014 572 1069 606 vir
1096 576 1132 606 et
1161 572 1309 606 seculari
1335 576 1371 605 et
1396 571 1518 605 divina
1544 572 1730 605 literatura

347 628 479 663 Graece
496 634 531 663 et
549 629 677 663 Latine
694 629 900 668 instructus,
922 629 1054 673 probus
1079 629 1248 669 moribus,
1275 633 1309 662 et
1335 632 1450 662 aetate
1475 628 1729 662 venerandus.''

347 685 440 719 Vide
453 686 648 730 sequentia,
663 686 735 726 sed,
749 690 790 720 ut
803 686 955 732 ingenue
968 686 1091 726 fatear,
1106 686 1237 720 evincit
1248 685 1366 719 Bedae
1379 685 1593 719 narrationis
1611 685 1727 724 series,

346 747 386 776 ut
405 743 543 776 credam
562 754 642 776 eum
660 754 732 776 non
757 742 894 776 Scotiae
919 743 981 776 sed
997 742 1151 788 Angliae
1168 742 1384 776 destinatum
1402 742 1503 775 illum
1521 741 1728 781 antistitem,

347 799 427 833 licet
445 803 481 833 et
502 798 656 833 scoticas
679 799 840 833 ecclesias
865 800 1022 844 potuerit
1044 799 1217 833 invisisse.
1269 798 1331 832 SS.
1354 799 1513 844 catalogo
1535 798 1727 842 ascriptum

347 856 426 889 vult
436 855 627 900 Appendix
641 856 891 902 Martyrologii
905 855 1121 890 Usuardiani
1140 867 1184 889 ex
1202 856 1310 890 Beda.
1348 855 1428 890 Hoc
1444 855 1476 889 ei
1494 854 1727 899 epitaphium,

347 923 434 946 aevo
452 913 674 952 conveniens,
692 911 879 947 affinxere:

609 983 668 1012 Hic
681 993 759 1012 sacer
773 984 804 1012 in
817 984 917 1013 tumba
930 989 1031 1022 pausat
1044 994 1110 1013 cum
1124 994 1238 1023 corpore
1251 984 1374 1023 praesul,

647 1030 743 1065 Quem
756 1030 824 1058 hinc
839 1030 1020 1059 Theodorum
1033 1031 1133 1068 lingua
1148 1030 1267 1069 Pelasga
1280 1036 1361 1059 vocat
1372 1041 1379 1058 :

609 1077 745 1115 Princeps
757 1076 934 1115 pontificum,
949 1076 1020 1105 felix
1033 1087 1219 1115 summusque
1233 1077 1372 1109 sacerdos,

647 1122 782 1161 Limpida
795 1123 943 1161 discipulis
956 1123 1089 1161 dogmata
1101 1123 1245 1152 disseruit.

395 1197 545 1242 Scripsit
562 1207 656 1236 vero,
674 1197 867 1230 secundum
884 1196 1109 1242 Sigebertum
1126 1208 1220 1231 anno
1239 1205 1440 1231 DCLXXIV.

495 1253 645 1287 Librum
671 1253 975 1293 Poenitentialem‚
1002 1254 1155 1287 mirabili
1181 1258 1216 1287 et
1242 1258 1346 1288 cauta
1370 1254 1580 1289 discretione
1605 1254 1728 1289 distin-

540 1321 652 1356 guens
669 1310 814 1344 modum
832 1311 1048 1356 singularem
1065 1311 1260 1354 culparum,
1377 1311 1438 1345 lib.
1459 1320 1485 1345 1.

493 1367 547 1401 De
565 1367 748 1401 Paschatis
766 1366 1009 1401 Celebratione
1377 1368 1437 1402 lib.
1460 1376 1484 1401 1.
1536 1367 1645 1402 Beda.

493 1423 757 1458 Confessionem
765 1423 867 1457 Fidei
876 1429 998 1458 contra
1004 1423 1250 1469 Eutychianos
1259 1423 1465 1458 Haereticos
1477 1423 1628 1459 Graecos
1635 1424 1694 1459 lib.
1703 1434 1728 1459 1.

543 1491 625 1514 nam
643 1481 722 1514 ideo
739 1479 938 1514 Adrianum
957 1481 1080 1515 datum
1098 1481 1130 1514 ei
1148 1481 1312 1515 comitem
1325 1481 1470 1524 quidam
1485 1482 1620 1521 volunt,
1634 1493 1678 1515 ne
1691 1482 1729 1515 in

544 1549 679 1572 errores
697 1537 913 1572 Graecorum
930 1537 1005 1582 ipse
1022 1537 1177 1572 Graecus
1193 1537 1380 1577 laberetur,
1394 1542 1430 1571 et
1443 1548 1524 1572 suos
1542 1538 1727 1582 deciperet.

495 1594 656 1640 Synodos
674 1595 762 1628 duas
1375 1594 1436 1629 lib.
1458 1603 1482 1628 1.
1533 1593 1618 1629 Alia
1635 1595 1729 1639 apud

543 1651 726 1686 Balaeum.

397 1709 500 1744 Vixit
516 1709 619 1742 annis
638 1717 848 1742 LXXXVIII.
867 1720 950 1743 nam
967 1720 1048 1743 cum
1065 1710 1249 1744 ordinatus
1272 1709 1419 1743 antistes
1445 1719 1577 1743 annum
1603 1708 1729 1754 agebat

352 1775 463 1800 LXVI.
482 1766 519 1799 in
538 1765 727 1798 Britannia
743 1765 874 1799 mansit
892 1766 994 1799 annis
1016 1774 1121 1799 XXII.
1148 1767 1277 1800 missus
1303 1777 1343 1799 eo
1367 1774 1421 1798 VI.
1448 1765 1579 1799 calend.
1603 1764 1729 1798 Junias

349 1834 441 1857 anno
460 1830 627 1856 DCLXVI.
671 1821 769 1855 Obiit
787 1821 843 1854 die
861 1830 949 1854 XIx.
972 1821 1187 1865 Septembris
1205 1833 1297 1856 anno
1316 1830 1435 1856 Dcxc.
1461 1826 1503 1855 ut
1526 1821 1729 1865 praeferunt

349 1880 447 1914 Beda
464 1879 553 1912 libro
571 1878 724 1917 laudato,
743 1882 778 1911 et
795 1877 998 1922 Sigebertus
1017 1889 1110 1912 anno
1127 1879 1256 1912 eodem.

697 1975 732 2008 S.
761 1973 1037 2008 TERVANUS
1062 1974 1141 2009 ΑΡ.
1167 1975 1215 2009 Α.
1269 1978 1374 2013 1107.

350 2051 383 2084 S.
406 2049 646 2088 TERVANUS,
670 2047 705 2081 S.
734 2047 883 2081 Palladii
914 2047 1099 2081 Scotorum
1128 2049 1277 2092 apostoli
1307 2048 1511 2092 discipulus,
1539 2047 1574 2081 S.
1606 2047 1729 2082 Serva-

348 2108 386 2140 ni
439 2105 617 2139 Orcadum
673 2104 823 2148 apostoli
876 2104 1017 2149 collega,
1072 2108 1107 2138 et
1156 2104 1338 2139 Pictorum
1388 2104 1578 2149 apostolus,
1628 2115 1728 2148 quos,

350 2164 524 2197 idolorum
563 2173 603 2195 ea
640 2161 754 2195 adhuc
789 2165 903 2194 aetate
941 2161 1051 2194 cultui
1090 2161 1237 2201 deditos,
1276 2161 1473 2195 incredibili
1508 2161 1627 2195 studio
1656 2172 1729 2194 mo-

349 2230 498 2263 rumque
548 2218 781 2252 sanctimonia
824 2217 868 2250 ad
917 2228 1036 2250 veram
1087 2217 1293 2262 religionem
1347 2218 1532 2252 convertit.
1597 2216 1727 2251 Joanni

351 2276 496 2310 Leslaeo
527 2275 807 2319 archiepiscopus
842 2278 905 2313 est,
933 2274 993 2308 lib.
1026 2283 1081 2308 IV.
1111 2284 1191 2320 pag.
1219 2283 1409 2309 cxxxvn.
1467 2274 1569 2309 Hect.
1600 2274 1727 2308 Boeth.
