2060 2848
377 326 443 358 530
771 326 1004 360 HISTORIA
1028 327 1401 361 ECCLESIASTICA

382 423 419 455 in
437 421 516 456 fine.
569 420 726 456 Joannes
743 420 915 457 Leslaeus
932 422 994 457 lib.
1013 431 1067 457 IV.
1086 433 1167 469 pag.
1187 431 1333 457 exmu-
1385 422 1535 468 Scripsit

531 478 711 513 Homilias
727 479 772 513 de
788 478 929 514 Sanctis
1321 481 1383 516 lib.
1403 489 1429 515 1.

431 535 586 571 Vivebat
602 547 697 572 anno
715 545 866 571 Dxxxx.
919 537 1001 577 Quo
1017 538 1076 573 die
1092 539 1241 579 colatur,
1259 549 1332 572 non
1349 538 1477 583 reperi·

792 651 829 687 S.
858 651 1200 687 PEREGRINUS.
1256 654 1363 687 1005.

378 767 414 801 S.
442 767 726 807 Pmmcnnms,
754 777 775 800 a
801 766 878 800 vita
902 770 1138 812 cognomento
1163 767 1363 811 desumpto,
1390 766 1530 802 Scotiae
1556 778 1683 814 regum
1706 768 1779 802 Ro-

377 825 474 859 mani
493 828 529 858 et
546 824 737 858 Plantulae
755 823 863 863 filius,
886 823 1174 867 incomparabilis
1200 824 1401 858 sanctitatis
1428 824 1496 865 vir,
1522 825 1585 869 qui
1611 836 1655 859 ex
1680 836 1779 870 pere-

377 882 579 928 grinatione
598 880 929 924 Hierosolymitana
946 888 1050 914 XLII.
1070 891 1181 914 annos
1205 884 1301 914 totos
1327 892 1487 915 eremum
1512 881 1672 922 incoluit,
1699 893 1780 926 par-

377 944 519 983 temque
545 937 729 982 Apennini
760 948 782 971 a
813 948 878 971 suo
904 937 1048 971 nomine
1074 937 1246 982 appellari
1271 937 1367 978 fecit,
1393 938 1454 973 ubi
1481 944 1517 973 et
1545 940 1719 983 templum
1746 939 1778 973 ei

376 1007 516 1030 sacrum
543 994 681 1040 ingenti
708 1005 892 1035 concursu,
923 994 962 1027 in
991 995 1126 1028 ditione
1157 994 1368 1033 Mutinensi,
1395 995 1670 1040 frequentatum
1703 1007 1779 1030 cor-

375 1064 442 1098 pus
461 1064 545 1088 vero
571 1052 690 1086 Lucae
716 1052 916 1096 requiescit,
944 1055 986 1085 ut
1012 1050 1191 1097 Sylvanus
1218 1052 1376 1087 Razzius
1403 1053 1442 1086 in
1460 1053 1547 1087 Vita
1566 1053 1778 1088 Sanctorum

379 1110 651 1150 Hetruscorum‚
669 1114 706 1144 et
723 1109 856 1143 Caesar
883 1108 1112 1144 Franciottus
1136 1109 1175 1144 in
1201 1121 1307 1154 opere
1333 1110 1376 1144 de
1394 1110 1535 1145 Sanctis
1554 1111 1777 1146 Lucensibus

375 1169 621 1214 prodiderunt.
673 1166 797 1202 Vitam
817 1167 895 1213 ejus
916 1178 1117 1212 anonymus
1143 1167 1296 1212 scriptor
1319 1167 1445 1207 Italus,
1468 1179 1533 1202 nec
1559 1168 1695 1209 doctus,
1720 1169 1778 1203 de·

376 1227 441 1266 dit,
471 1236 620 1270 eamque
639 1224 772 1271 Rhegii
790 1228 827 1258 et
845 1224 1029 1265 Bononiae
1058 1224 1256 1269 publicavit
1288 1224 1505 1271 Peregrinus
1531 1225 1689 1270 Capius:
1716 1227 1778 1260 sed

375 1295 416 1319 ea
432 1283 523 1317 mihi
540 1287 594 1317 est
607 1283 690 1329 jure
708 1286 883 1327 suspecta,
902 1282 999 1326 quod
1016 1281 1171 1316 anilibus
1192 1281 1323 1317 fabulis
1349 1284 1396 1317 sit
1419 1282 1562 1323 referta,
1588 1294 1653 1317 nec
1678 1283 1778 1328 quic-

375 1352 482 1387 quam
500 1341 612 1375 bonae
629 1340 745 1386 frugis
763 1340 956 1374 contineat.
996 1339 1025 1373 I.
1044 1339 1200 1374 Romani
1211 1344 1247 1374 et
1261 1339 1460 1380 Plantulae‚
1477 1339 1617 1374 Scotiae
1638 1351 1776 1387 regum,

373 1410 437 1434 nec
465 1399 611 1434 annales
642 1397 774 1432 Scotici
801 1408 867 1432 nec
895 1397 1075 1443 peregrini
1104 1397 1169 1431 ulli
1200 1397 1390 1442 scriptores
1418 1398 1671 1432 meminerunt.
1725 1397 1775 1432 ΙΙ.

373 1455 434 1491 Ad
458 1467 609 1503 regnum
629 1459 787 1496 vocatus,
805 1454 970 1489 diadema
986 1454 1135 1499 respuit,
1153 1459 1342 1501 totumque
1359 1455 1630 1500 patrimonium,
1656 1456 1694 1490 id
1712 1461 1777 1496 est,

375 1525 500 1548 census
525 1513 628 1560 regni
654 1523 804 1553 annuos,
831 1512 1049 1557 pauperibus
1075 1513 1249 1559 erogavit.
1306 1512 1376 1547 ΙΙΙ.
1403 1513 1501 1548 Dum
1520 1513 1683 1548 visitaret
1700 1515 1776 1548 loca

374 1575 508 1611 sancta,
544 1570 807 1615 Hierosolymis
836 1569 927 1603 adiit
960 1570 1194 1615 adoravitque
1227 1571 1345 1605 locum
1378 1571 1441 1605 ubi
1476 1570 1633 1616 Deipara
1659 1570 1776 1618 Virgo

374 1628 552 1673 baptismo
569 1625 734 1663 lustrata.
783 1626 849 1663 IV.
867 1626 1023 1661 Jubetur
1040 1627 1079 1661 in
1092 1626 1262 1674 Aegypto
1275 1628 1423 1662 adorare
1437 1628 1697 1670 Mahometum,
1712 1630 1775 1674 qui

374 1686 536 1720 ducentis
554 1697 576 1720 a
592 1689 706 1720 morte
724 1684 911 1732 Peregrini
930 1685 1036 1719 annis
1054 1685 1117 1719 vix
1129 1689 1236 1720 natus
1250 1684 1381 1720 fuerat.
1436 1685 1480 1720 V.
1505 1686 1703 1731 Postquam
1721 1687 1776 1720 in-

375 1755 527 1778 nocuam
552 1742 733 1777 flammam
758 1743 877 1777 decem
903 1742 1001 1777 horis
1027 1742 1169 1777 illaesus
1196 1743 1437 1783 sustinuisset,
1463 1742 1625 1789 Aegypti
1653 1744 1776 1778 Solda-

376 1813 463 1836 num
485 1812 565 1835 cum
591 1805 668 1835 toto
693 1811 804 1846 regno
830 1811 929 1834 sacro
954 1800 1123 1845 baptismi
1149 1799 1247 1834 fonte
1272 1800 1465 1841 lustravit;
1492 1811 1573 1834 cum
1590 1801 1707 1835 adhuc
1732 1812 1774 1836 eo

376 1860 492 1894 seculo
510 1857 700 1904 Aegyptus
719 1857 785 1892 sub
803 1857 966 1892 Romano
984 1862 1074 1892 esset
1092 1857 1253 1902 imperio,
1280 1868 1345 1891 nec
1372 1869 1502 1892 nomen
1520 1857 1665 1892 Soldani
1682 1859 1774 1892 mul-

376 1917 422 1951 tis
441 1921 563 1961 postea
581 1915 708 1949 seculis
726 1914 902 1949 auditum.
945 1914 1011 1949 VI.
1037 1914 1135 1949 Dum
1155 1914 1305 1949 Ancona
1324 1914 1409 1960 (quo
1427 1927 1471 1949 ex
1489 1915 1774 1962 peregrinatione

380 1973 710 2018 Hierosolymitana
747 1972 948 2018 appulerat)
984 1972 1137 2006 Romam
1172 1972 1273 2016 petit,
1308 1972 1347 2006 in
1380 1973 1508 2007 itinere
1543 1972 1579 2007 S.
1615 1972 1773 2007 Michae-

375 2031 419 2065 lis
436 2031 475 2064 in
492 2035 614 2064 monte
631 2029 801 2076 Gargano
818 2029 943 2063 fanum
959 2031 1112 2074 supplex
1129 2030 1278 2071 invisit;
1297 2030 1430 2076 duplici
1445 2041 1529 2064 sane
1546 2042 1676 2070 errore,
1689 2042 1773 2065 nam

376 2099 477 2122 mons
496 2087 686 2134 Garganus
704 2098 818 2132 neque
835 2087 873 2120 in
895 2087 957 2121 illo
984 2091 1112 2127 tractu,
1136 2088 1198 2121 sed
1222 2088 1261 2122 in
1286 2087 1421 2132 Apulia
1447 2099 1558 2133 prope
1583 2088 1772 2133 Sipontum

375 2145 499 2179 urbem
517 2145 575 2185 sit,
593 2156 707 2190 neque
733 2144 850 2179 adhuc
875 2156 916 2179 eo
941 2148 1100 2190 tempore
1125 2145 1294 2180 instituta
1318 2146 1511 2180 solennitas
1538 2146 1771 2190 apparitionis

376 2201 412 2236 S.
432 2202 617 2236 Michaelis
635 2203 674 2236 in
691 2214 732 2237 eo
750 2207 881 2244 monte,
904 2203 967 2247 qui
991 2203 1122 2237 dicitur
1147 2203 1355 2247 apparuisse
1380 2214 1474 2237 anno
1501 2211 1770 2237 CCCLXXXVII.

376 2265 418 2294 ut
435 2259 640 2306 Sigebertus
658 2260 749 2300 vult,
767 2260 824 2294 vel
841 2269 1069 2294 cccccxcn.
1088 2265 1130 2295 ut
1150 2261 1196 2294 ad
1218 2260 1312 2295 diem
1337 2269 1427 2295 vm.
1452 2260 1542 2295 Maii
1569 2260 1607 2294 in
1632 2260 1771 2306 Marty-

377 2317 512 2363 rologio
534 2316 697 2351 Romano
723 2317 902 2352 Baronius
928 2318 1029 2352 docet
1054 2329 1099 2352 ex
1124 2318 1275 2352 historia
1298 2317 1377 2352 MS.
1404 2318 1501 2352 illius
1526 2317 1589 2357 rei,
1615 2328 1706 2363 quae
1732 2318 1771 2353 in

377 2374 550 2409 Biblioth.
568 2373 743 2409 Vaticana
759 2375 922 2417 habetur,
940 2375 1047 2421 idque
1064 2375 1199 2410 factum
1221 2377 1300 2410 vult
1326 2386 1420 2410 anno
1446 2383 1625 2410 DXXXVI.
1678 2375 1770 2410 Vide

377 2433 504 2468 locum.
548 2430 634 2467 VII.
652 2431 916 2468 Canonizatum
933 2444 1028 2468 anno
1046 2434 1151 2468 salut.
1173 2442 1390 2468 CCCCLXIV.
1410 2444 1490 2468 cum
1508 2433 1632 2468 multis
1649 2438 1773 2478 postea
