2060 2848
659 324 835 357 GENTIS
860 324 1135 363 SCOTORUM,
1160 325 1248 357 LIB.
1274 324 1369 357 XVI.
1626 323 1706 354 *561

326 419 519 454 Florentii:
547 422 569 437 “
586 417 788 452 Turstanus
806 416 1039 452 Eboracensis
1062 418 1343 461 archiepiscopus
1367 417 1574 455 Robertum‚
1601 428 1705 461 quem

325 475 529 510 Alexander
553 485 616 508 rex
641 473 778 508 Scotiae
807 475 970 508 ecclesiae
1001 474 1037 508 S.
1064 474 1228 508 Andreae
1253 475 1446 508 intruserat
1471 478 1609 518 petente
1634 473 1705 507 Da-

325 532 386 566 vid
403 531 512 565 fratre
530 542 570 565 ac
586 541 783 565 successore
800 530 1008 570 Alexandri,
1029 531 1067 564 in
1084 531 1286 574 episcopum
1299 529 1451 564 Eboraci
1465 530 1702 569 consecravit3

324 589 362 622 in
390 599 460 633 quo
490 588 601 622 officio
631 587 886 631 Randulphum
915 587 1213 621 Dunhelmensem
1241 587 1442 631 episcopum
1469 594 1504 621 et
1529 587 1704 631 quendam

324 645 566 690 Radquhum,
585 644 630 679 ad
647 644 800 678 Orcades
818 644 951 678 insulas
965 644 1042 689 jam
1060 644 1168 678 alium
1187 644 1388 688 episcopum
1407 645 1619 683 ordinatum,
1637 643 1704 677 sibi

323 702 503 748 adjutores
520 702 738 741 adsciverat;
757 701 819 745 qui
834 700 1056 745 Radulphus,
1070 701 1237 745 quoniam
1251 712 1314 735 nec
1328 701 1496 746 principis
1510 707 1625 735 terrae
1642 711 1704 734 nec

324 759 407 793 cleri
438 769 502 793 nec
530 758 641 802 plebis
667 758 835 792 electione
861 758 917 791 vel
942 768 1088 792 assensu
1113 757 1230 791 fuerat
1255 758 1450 798 ordinatus,
1472 758 1517 792 ab
1542 757 1704 792 omnibus

324 816 511 855 refutatus,
537 822 573 849 et
597 826 619 848 a
643 815 782 848 nemine
807 815 882 848 loco
904 814 1079 858 pontificis
1104 819 1286 859 susceptus
1312 816 1416 848 erat-'⁹
1465 814 1613 854 Eadem,
1643 815 1703 848 sed

323 873 479 913 uberius,
493 872 516 906 J
518 882 648 906 oannes
662 871 862 911 Fordunus,
877 871 1055 915 additque,
1078 875 1100 890 “
1113 871 1285 905 offensum
1298 882 1379 905 eum
1394 872 1527 917 injuria
1539 871 1703 905 ecclesiae

324 940 419 969 suae,
445 940 523 963 cum
546 928 651 963 modo
668 927 896 967 Eboracensi,
919 928 1024 962 modo
1049 927 1280 962 Dunelmensi
1304 928 1457 962 antistiti
1483 928 1618 962 frustra
1642 929 1703 962 ad-

324 986 505 1025 haesisset,
522 985 708 1029 utriusque
725 985 764 1017 in
780 984 1035 1029 episcopalibus
1048 985 1258 1019 ministeriis
1282 985 1446 1025 vicarius,
1467 985 1506 1019 in
1522 986 1702 1019 trasmari-

324 1054 388 1077 nas
405 1042 566 1088 regiones
583 1041 745 1075 abiisse.’'

371 1099 471 1138 Quae
488 1099 519 1132 si
536 1109 620 1132 vera
636 1101 731 1137 sunt,
751 1097 905 1132 adducor
922 1102 963 1132 ut
985 1099 1124 1132 credam
1148 1099 1297 1133 eundem
1321 1100 1359 1132 in
1383 1099 1595 1133 monasterio
1618 1098 1702 1132 Ful-

322 1156 421 1190 densi
440 1155 485 1188 D.
505 1155 688 1189 Benedicti
705 1154 867 1189 habitum
884 1155 1051 1190 induisse.
1105 1155 1212 1190 Hunc
1229 1161 1332 1190 vocat
1355 1156 1575 1190 Trithemius
1599 1155 1701 1189 Cata-

324 1214 405 1258 logo
422 1212 541 1246 Viror.
559 1212 687 1245 illustr.
707 1216 729 1231 “
745 1212 783 1245 in
800 1212 931 1245 divinis
951 1211 1142 1256 Scripturis
1160 1213 1451 1253 eruditissimum,
1478 1213 1516 1246 in
1541 1212 1702 1247 omnibus

325 1267 437 1303 literis
467 1269 678 1302 secularium
708 1269 909 1302 studiorum
939 1269 1193 1310 doctissimum,
1223 1269 1484 1313 philosophum,
1514 1269 1701 1308 rhetorem,

324 1332 476 1370 poetam,
504 1329 690 1366 oratorem,
715 1325 920 1370 theologum
948 1326 1134 1370 insignem,
1164 1325 1296 1359 Graece
1323 1337 1363 1360 ac
1386 1326 1514 1360 Latine
1537 1326 1701 1369 peritum,

325 1383 468 1428 ingenio
489 1382 667 1422 subtilem,
692 1382 840 1416 scientia
863 1381 1091 1425 profundum,
1121 1383 1260 1427 eloquio
1285 1383 1433 1422 dulcem,
1460 1383 1642 1422 disertum,
1668 1389 1704 1416 et

326 1444 502 1473 ornatum.
555 1438 703 1483 Scripsit

471 1495 516 1529 In
533 1495 734 1530 Leviticum
752 1506 841 1539 opus
858 1495 1132 1536 celeberrimum,
1150 1501 1186 1530 et
1204 1497 1305 1531 valde
1322 1497 1420 1537 utile,
1450 1496 1510 1529 lib.
1531 1506 1601 1530 xx.

472 1551 516 1586 In
534 1552 714 1597 Epistolas
732 1552 836 1586 Pauli
1451 1553 1511 1586 lib.
1531 1562 1614 1587 XIV.

473 1608 673 1644 Historiam
690 1608 910 1643 Francorum
928 1608 1069 1654 Regum
1086 1613 1121 1643 et
1139 1609 1346 1654 Principum
1454 1610 1513 1643 lib.
1535 1619 1559 1643 1.

473 1665 675 1701 Chronicon
693 1676 839 1700 suorum
857 1665 1074 1710 Temporum
1455 1667 1514 1700 lib.
1535 1676 1559 1700 1.

475 1721 721 1766 Epistolarum
738 1723 783 1756 ad
800 1723 957 1756 diversos
1455 1724 1515 1758 lib.
1536 1733 1561 1757 1.

474 1779 661 1813 Sermones
678 1779 795 1814 varios
1455 1780 1515 1814 lib.
1535 1789 1560 1814 1.

477 1836 522 1870 In
533 1836 663 1869 multos
674 1835 823 1869 Biblior.
834 1835 942 1869 libros
954 1835 1151 1870 Comment.
1163 1836 1441 1881 elegantissimos
1454 1837 1514 1870 lib.
1535 1846 1560 1870 1.

474 1892 665 1926 Tractatus
682 1893 800 1936 plures
1455 1893 1514 1926 lib.
1535 1903 1559 1927 1.

474 1949 643 1983 Carmina
659 1949 789 1982 diversi
807 1949 945 1994 generis
1456 1949 1515 1982 lib.
1536 1951 1582 1983 1.”
1610 1951 1706 1986 Haec

524 2005 699 2039 verbatim
716 2004 948 2039 Trithemius.

475 2061 535 2096 Ad
553 2062 769 2096 Orcadianos
785 2073 867 2095 suos
884 2061 1155 2096 Admonitiones
1172 2062 1231 2096 lib.
1253 2071 1277 2096 1.
1296 2063 1476 2107 scripsisse
1496 2065 1656 2104 eundem,
1675 2066 1703 2099 si

525 2123 644 2152 tamen
661 2119 753 2152 idem
771 2122 835 2158 est,
853 2118 1041 2152 Fordunus
1059 2124 1181 2153 auctor
1197 2123 1261 2153 est.

381 2176 548 2210 Deseruit
572 2175 751 2209 ecclesiam
777 2185 889 2214 suam,
918 2179 955 2208 et
983 2175 1021 2208 in
1045 2174 1215 2220 Angliam
1243 2176 1350 2216 venit,
1375 2187 1468 2210 anno
1500 2185 1597 2211 Μαι.
1627 2189 1707 2212 auc-

332 2239 408 2268 tore
441 2243 617 2277 anonymo
650 2231 903 2276 wigorniensi.
959 2230 1110 2269 Quando
1146 2232 1356 2266 monachum
1394 2233 1560 2274 induerit,
1601 2235 1707 2279 scrip-

332 2290 427 2329 serit,
458 2293 520 2323 aut
549 2288 686 2327 obierit,
716 2298 780 2321 nec
805 2298 870 2333 ego
900 2287 1023 2331 reperi,
1054 2298 1117 2321 nec
1147 2287 1380 2330 Trithemius,
1415 2290 1477 2334 qui
1511 2301 1607 2325 more
1642 2302 1706 2325 suo

332 2346 469 2380 Scotiae
497 2356 593 2379 meae
622 2350 673 2379 est
700 2344 865 2390 injurius,
897 2344 981 2378 dum
1010 2344 1104 2378 hunc
1133 2355 1203 2378 non
1231 2344 1374 2380 Scotum
1404 2347 1463 2380 sed
1490 2346 1705 2382 Germanum

992 2403 1014 2434 2
1034 2409 1047 2433 1
