2060 2848
409 351 473 383 564
790 352 1023 386 HISTORIA
1047 353 1421 388 ECCLESIASTICA

562 446 617 480 De
631 447 875 482 celebratione
890 448 1047 482 Paschae
1059 459 1124 493 pro
1142 447 1321 484 Ecclesiae
1339 448 1543 484 Catholicae
1561 449 1652 484 Ritu
1669 450 1730 485 lib.
1752 460 1777 484 1.

561 503 617 538 De
636 503 802 539 Tonsura
820 505 1039 540 Clericorum
1667 508 1728 542 lib.
1749 517 1773 542 1.

463 561 603 596 Claruit
622 567 794 608 regnanto
813 563 851 596 in
869 562 988 597 Scotia
1006 563 1240 609 Ferquhardo
1257 562 1287 597 1.
1306 574 1400 598 anno
1418 572 1541 598 DCLX.

776 677 994 712 ROSINUS
1019 677 1287 712 FLORIDUS.
1338 677 1444 715 1067.

411 791 589 825 Rosmns
620 791 799 830 Floridus‚
825 802 919 825 unus
946 802 991 825 ex
1019 791 1176 831 Cu1deis,
1195 792 1438 836 episcopatum
1464 792 1595 827 alicubi
1619 794 1743 839 gessit,
1768 800 1811 829 ut

411 849 594 883 Indiculus
625 848 849 892 Scriptorum
882 848 1070 882 Scotorum
1096 848 1266 893 anonymi
1297 848 1478 892 praefert3
1510 861 1551 884 eo
1566 864 1568 866 ’
1582 849 1727 885 vivebat
1757 862 1809 886 se-

409 907 488 940 culo
522 917 593 951 quo
627 906 783 940 haeresis
818 905 1012 951 Pelagiana
1046 905 1275 940 Britanniam
1317 905 1507 947 inficiebat,
1550 911 1587 941 et
1627 912 1809 943 strenuam

408 964 487 1008 piae
517 975 643 998 causae
674 974 817 1008 operam
835 963 1008 1003 navavit,
1044 963 1305 998 communicato
1340 974 1422 998 cum
1456 963 1620 1000 Palladio
1649 966 1808 1002 consilio.

408 1021 483 1055 Scri
511 1021 558 1055 sit

486 1032 508 1065 p
558 1078 694 1112 Contra
712 1078 922 1112 Severinum
941 1083 977 1112 et
994 1076 1018 1111 J
1020 1077 1184 1112 ulianum
1202 1077 1401 1123 Episcopos

604 1135 816 1182 Pelagianos
1451 1136 1513 1171 lib.
1534 1146 1560 1171 1.

556 1193 617 1227 Ad
635 1193 813 1227 Ecclesias
833 1193 989 1227 Scoticas
1007 1191 1227 1227 Antidotum
1449 1194 1511 1228 lib.
1532 1203 1558 1228 1.

557 1250 740 1295 Epistolas
759 1251 803 1284 ad
821 1249 1064 1284 Coelestinum
1083 1249 1294 1284 Pontificem
1312 1251 1375 1286 lib.
1396 1260 1421 1285 1.
1446 1262 1468 1285 a
1488 1262 1561 1296 quo
1578 1254 1808 1287 consecratio-

606 1308 663 1342 nis
681 1319 766 1341 suae
784 1307 941 1352 insignia
959 1306 1096 1340 Romae
1115 1312 1308 1352 acceperat,
1328 1313 1371 1343 ut
1387 1308 1498 1343 moris
1516 1313 1604 1343 erat.

557 1365 740 1410 Epistulas
758 1366 802 1398 ad
822 1364 1024 1398 Palladium
1450 1365 1512 1400 lib.
1533 1375 1559 1400 Ι.

555 1423 743 1457 Sermones
761 1423 804 1456 de
822 1421 963 1455 Sanctis
1452 1423 1514 1458 lib.
1534 1433 1560 1458 1.

455 1481 594 1515 Claruit
612 1480 678 1515 sub
696 1479 871 1526 Fergusio
890 1478 940 1513 II.
959 1490 1054 1514 anno
1071 1488 1262 1515 ecchxx.
1281 1485 1344 1516 aut
1361 1485 1503 1527 praeter
1519 1486 1677 1528 propter.

717 1593 1019 1629 GULIELMUS
1045 1594 1336 1630 RAMSAEUS.
1390 1595 1498 1630 1068.

409 1711 658 1745 GULIELMUS
689 1709 898 1748 Ramsaeus,
934 1708 991 1742 vir
1025 1710 1213 1744 clarissimi
1247 1710 1395 1756 ingenii,
1433 1710 1588 1757 Georgio
1619 1711 1807 1747 Buchana-

409 1780 455 1802 no
473 1768 674 1802 studiorum
702 1767 740 1800 in
764 1766 890 1800 Galliis
914 1777 1042 1807 comeS,
1071 1766 1319 1801 conimbricae
1345 1768 1454 1802 etiam
1480 1768 1711 1813 professionis
1738 1771 1807 1804 col-

408 1829 498 1873 lega,
519 1838 599 1861 cum
621 1828 679 1860 ille
705 1826 890 1860 haereseos
916 1826 1186 1859 insimularetur
1212 1837 1231 1859 e
1257 1824 1450 1859 Lusitania
1478 1826 1517 1860 in
1543 1825 1678 1861 Gallias
1703 1827 1808 1861 remi-

408 1885 538 1931 gravit,
561 1891 595 1919 et
621 1885 659 1918 in
685 1884 864 1918 academia
887 1883 1122 1929 Lugdunensi
1149 1882 1333 1922 Batavica‚
1360 1887 1446 1917 tunc
1471 1883 1629 1927 primum
1656 1885 1804 1925 oriente,

409 1944 516 1976 bonas
535 1947 627 1976 artes
646 1942 825 1986 professus
844 1945 908 1982 est,
926 1941 988 1974 ubi
1002 1941 1111 1986 juxta
1129 1940 1341 1974 Buchanani
1368 1939 1520 1986 effigiem
1544 1942 1667 1976 vultus
1692 1942 1805 1986 ipsius

411 1999 543 2034 artifice
561 2010 669 2033 manu
688 2000 848 2044 depictus
867 1999 905 2032 in
923 1998 1137 2033 bibliotheca
1154 2001 1346 2041 spectatur.
1397 1995 1550 2042 Scripsit

555 2057 738 2091 Judicium
774 2057 817 2091 de
851 2056 1049 2095 Lusitanis,
1080 2056 1126 2089 ad
1154 2055 1314 2090 vallium
1346 2054 1498 2089 Senatus
1527 2054 1808 2102 Burdegalensis

608 2114 824 2154 Praesidem,
859 2114 921 2148 lib.
949 2123 974 2147 1.
1027 2113 1181 2157 Reliqua
1214 2123 1322 2156 opera
1356 2112 1492 2147 inedita
1521 2113 1560 2147 in
1594 2113 1717 2147 eadem
1746 2115 1807 2148 illa

607 2171 820 2205 bibliotheca
837 2171 1028 2217 diligenter
1044 2175 1286 2204 asservantur.

460 2230 560 2264 Obiit
586 2230 622 2263 in
649 2229 767 2273 patria
791 2229 830 2263 in
856 2228 957 2263 Fano
983 2227 1020 2263 S.
1045 2227 1212 2262 Andreae
1238 2227 1483 2273 philosophiae
1506 2227 1686 2273 professor
1711 2239 1804 2263 anno

413 2296 542 2322 MDxe.
562 2292 624 2322 aut
641 2287 790 2321 circiter.
