2060 2848
655 289 829 322 GENTIS
854 289 1129 328 SCOTORUM‚
1153 290 1242 322 LIB.
1268 290 1350 322 XII.
1633 291 1692 322 451

796 439 832 474 S.
859 438 1083 474 MAZOTA.
1134 442 1217 474 833.

314 557 350 591 S.
371 557 554 591 MAZOTA
571 555 684 601 virgo,
703 554 739 589 S.
757 554 956 589 Donevaldi
974 553 1016 588 F.
1035 554 1286 589 miraculorum
1311 555 1437 601 gloria,
1463 555 1571 590 etiam
1597 555 1692 596 viva,

314 614 503 654 inclaruit3
523 616 623 657 patre
636 617 755 646 autem
768 611 934 646 defuncto
951 622 1031 645 cum
1049 616 1127 646 octo
1145 612 1219 646 suis
1236 612 1426 653 sororibus,
1444 624 1465 646 a
1482 624 1564 659 rege
1577 613 1693 648 Picto-

314 682 395 706 rum
414 671 598 705 Garnardo
616 670 718 704 aedes
736 681 816 704 cum
834 670 951 703 reditu
968 680 1012 703 ex
1033 670 1128 715 agris
1154 670 1280 704 vicinis
1306 669 1503 705 Abernethi
1527 671 1694 715 impetra-

315 730 379 769 vit,
397 739 596 774 magnaque
613 728 811 761 sanctitatis
829 727 993 771 opinione
1010 727 1048 760 in
1066 728 1250 762 eremetica
1268 728 1344 762 vita
1365 729 1504 772 sepulta
1529 729 1574 762 ad
1600 729 1692 763 radi-

315 797 389 820 cem
407 785 561 831 ingentis
580 795 740 829 quercus,
767 784 828 829 qui
854 784 949 818 locus
975 789 1119 828 patrum
1143 789 1347 819 nostrorum
1372 786 1542 820 memoria
1567 787 1693 821 celebri

315 842 490 877 affluentis
517 842 638 886 populi
663 852 836 875 concursu
860 840 1161 886 frequentabatur.
1214 841 1349 876 Hector
1369 842 1542 878 Boethius
1568 844 1629 878 lib.
1650 853 1688 877 x.

317 900 454 934 Histor.
474 899 566 933 Scot.
586 910 668 944 pag.
687 907 860 932 CLXXXI.

366 957 545 991 Floruisse
571 956 703 990 credita
728 960 782 990 est
806 966 899 990 anno
925 963 1107 991 Decxvn.
1159 955 1242 991 Non
1267 961 1321 992 est
1346 957 1596 1005 Martyrologii
1622 958 1693 993 Ro-

315 1015 411 1049 mani
429 1015 558 1049 tabulis
576 1015 739 1059 ascripta.

773 1127 808 1162 S.
835 1127 1095 1162 MONANUS.
1150 1129 1233 1162 834.

316 1244 351 1278 S.
371 1244 588 1283 MONANUS,
614 1243 701 1276 Divi
718 1241 884 1277 Andreae
906 1243 1183 1283 archidiaconus,
1209 1244 1487 1288 persecutionem
1509 1243 1692 1279 Danorum

317 1301 548 1340 ethnicorum,
565 1300 627 1344 qui
654 1299 800 1333 Gadano
826 1311 907 1346 rege
932 1299 1083 1333 Scotiam
1109 1302 1326 1335 truculenter
1350 1301 1565 1341 invaserant,
1591 1303 1694 1336 decli-

317 1369 417 1398 nans,
437 1358 474 1391 in
497 1357 630 1391 celebre
648 1357 736 1391 illud
761 1357 902 1400 piorum
928 1358 966 1390 in
993 1357 1091 1391 Maia
1115 1359 1232 1392 insula
1257 1358 1464 1392 coenobium
1489 1370 1525 1392 se
1551 1361 1693 1404 recepit,

318 1416 467 1459 indeque
485 1426 564 1448 cum
582 1414 704 1447 multis
728 1414 806 1447 aliis
832 1418 1023 1455 extractus,
1042 1425 1208 1449 coronam
1229 1415 1394 1460 martyrii
1420 1417 1596 1450 constanti
1622 1418 1694 1461 pie-

318 1477 390 1507 tate
408 1477 461 1506 est
477 1475 668 1505 assecutus.
719 1470 812 1515 Ejus
830 1476 937 1504 sunt:

462 1528 645 1572 Epistolae
663 1528 706 1561 ad
724 1528 880 1561 diversos
1199 1529 1259 1563 lib.
1280 1539 1304 1563 Ι.

463 1584 631 1618 Carmina
648 1595 746 1617 sacra
1194 1586 1255 1620 lib.
1276 1596 1301 1620 1.

366 1642 497 1676 Passus
515 1646 568 1676 est
586 1652 679 1676 anno
697 1650 946 1675 DceeLxxw.
974 1641 1064 1676 Vide
1077 1642 1138 1676 lib.
1154 1652 1180 1676 1.
1198 1643 1264 1677 hoc
1281 1654 1384 1688 opere
1401 1644 1439 1677 in
1457 1642 1496 1678 S.
1511 1643 1690 1680 Adriano.

743 1755 779 1790 S.
806 1755 1131 1791 MALCOLMUS.
1183 1759 1265 1792 835.

317 1872 352 1906 S.
384 1871 648 1906 MALCOLMUS
679 1870 748 1905 III.
776 1881 850 1911 reX,
881 1883 902 1905 a
932 1871 1056 1915 capitis
1086 1872 1332 1917 magnitudine
1366 1870 1554 1907 Canmiore
1579 1876 1694 1919 appel-

317 1930 422 1968 latus,
449 1929 572 1963 ordine
603 1937 778 1962 LXXXVI.
816 1940 968 1974 regnum
994 1928 1153 1972 adeptus,
1179 1928 1343 1962 Duncani
1369 1930 1410 1963 F.
1438 1930 1617 1964 Malcolmi
1644 1931 1692 1966 II.

318 1985 365 2019 N.
394 1986 438 2020 ab
468 1985 646 2031 Ingulpho
677 1985 931 2030 Croylandensi
962 1985 1059 2019 Hist.
1094 1997 1175 2031 pag.
1211 1995 1324 2019 DXVI.
1354 1986 1548 2021 Maltovius
1578 1988 1693 2022 dictus

317 2044 418 2083 male,
453 2043 514 2077 sed
542 2043 668 2088 majori
698 2043 757 2076 ille
785 2043 1008 2082 scelestitate‚
1034 2042 1072 2076 in
1098 2054 1135 2076 re
1161 2043 1248 2086 ipsa,
1274 2055 1378 2087 quam
1406 2044 1558 2084 nomine,
1585 2045 1694 2080 frivo-

317 2102 373 2135 lus
404 2105 439 2134 et
468 2100 600 2133 nullius
631 2099 801 2133 momenti
835 2099 995 2143 scriptor,
1031 2101 1149 2143 lapsus
1179 2105 1242 2133 est.
1307 2100 1448 2134 Statum
1484 2102 1694 2136 mirabiliter

318 2157 551 2196 reformavit;
587 2167 715 2191 nomen
750 2161 867 2190 autem
903 2157 1094 2190 secundum
1130 2158 1267 2202 adjecit,
1307 2168 1387 2191 cum
1429 2162 1533 2192 antea
1571 2170 1691 2194 omnes

318 2215 422 2249 unico
453 2218 593 2248 tantum
627 2214 769 2247 nomine
803 2218 1036 2257 vocarentur3
1072 2215 1230 2254 barones,
1261 2215 1398 2255 thanos,
1429 2216 1572 2250 comites
1600 2228 1694 2251 crea-

318 2274 382 2314 vit,
400 2274 494 2307 unde
520 2274 706 2318 pleraeque
731 2273 865 2306 nobiles
891 2272 957 2306 sub
982 2283 1022 2306 eo
1047 2272 1200 2305 familiae
1218 2276 1379 2306 exortae:
1405 2273 1561 2306 nondum
1580 2274 1694 2309 adhuc

317 2331 447 2364 ducum
482 2341 611 2364 nomen
645 2330 838 2376 cognitum,
872 2329 979 2373 primi
1009 2329 1103 2363 enim
1137 2329 1240 2362 duces
1276 2330 1382 2363 creati
1417 2329 1535 2363 David
1569 2329 1692 2365 Stuart

318 2388 391 2422 dux
419 2387 611 2433 Rothesay,
643 2391 678 2421 et
704 2386 880 2421 Robertus
906 2386 979 2420 dux
1004 2385 1187 2425 Albaniae,
1215 2385 1305 2420 circa
1330 2397 1462 2420 annum
1498 2395 1690 2422 MCDXXX.
