<?xml version="1.0" encoding="UTF-8"?>
<!DOCTYPE html PUBLIC "-//W3C//DTD XHTML 1.0 Transitional//EN"
    "http://www.w3.org/TR/xhtml1/DTD/xhtml1-transitional.dtd">
<html xmlns="http://www.w3.org/1999/xhtml" xml:lang="en" lang="en">
 <head>
  <title>
</title>
<meta http-equiv="Content-Type" content="text/html;charset=utf-8" />
  <meta name='ocr-system' content='tesseract 3.04.00' />
  <meta name='ocr-capabilities' content='ocr_page ocr_carea ocr_par ocr_line ocrx_word'/>
</head>
<body>
  <div class='ocr_page' id='page_1' title='image "./thomaedempster2102dempuoft_0218.png"; bbox 0 0 2060 2848; ppageno 0'>
   <div class='ocr_carea' id='block_1_1' title="bbox 383 337 1396 373">
    <p class='ocr_par' dir='ltr' id='par_1_1' title="bbox 383 337 1396 373">
     <span class='ocr_line' id='line_1_1' title="bbox 383 337 1396 373; baseline 0.002 -3"><span class='ocrx_word' id='word_1_1' title='bbox 383 339 447 370; x_wconf 82' lang='lat'>540</span> <span class='ocrx_word' id='word_1_2' title='bbox 765 337 998 371; x_wconf 87' lang='lat' dir='ltr'><strong>HISTORIA</strong></span> <span class='ocrx_word' id='word_1_3' title='bbox 1022 338 1396 373; x_wconf 86' lang='lat' dir='ltr'><strong>ECCLESIASTICA</strong></span> 
     </span>
    </p>
   </div>
   <div class='ocr_carea' id='block_1_2' title="bbox 534 433 972 467">
    <p class='ocr_par' dir='ltr' id='par_1_2' title="bbox 534 433 972 467">
     <span class='ocr_line' id='line_1_2' title="bbox 534 433 972 467; baseline 0.002 -1"><span class='ocrx_word' id='word_1_4' title='bbox 534 433 734 467; x_wconf 84' lang='lat' dir='ltr'>Audomari</span> <span class='ocrx_word' id='word_1_5' title='bbox 753 440 788 466; x_wconf 90' lang='lat' dir='ltr'>et</span> <span class='ocrx_word' id='word_1_6' title='bbox 806 433 972 467; x_wconf 89' lang='lat' dir='ltr'>Tornaci.</span> 
     </span>
    </p>
   </div>
   <div class='ocr_carea' id='block_1_3' title="bbox 531 489 1517 697">
    <p class='ocr_par' dir='ltr' id='par_1_3' title="bbox 531 489 1517 697">
     <span class='ocr_line' id='line_1_3' title="bbox 534 489 1482 536; baseline -0.001 -11"><span class='ocrx_word' id='word_1_7' title='bbox 534 491 776 525; x_wconf 87' lang='lat' dir='ltr'>Summarium</span> <span class='ocrx_word' id='word_1_8' title='bbox 795 489 903 536; x_wconf 86' lang='lat' dir='ltr'>Legis</span> <span class='ocrx_word' id='word_1_9' title='bbox 923 490 1066 525; x_wconf 83' lang='lat' dir='ltr'>divinae</span> <span class='ocrx_word' id='word_1_10' title='bbox 1375 491 1436 525; x_wconf 87' lang='lat' dir='ltr'>lib.</span> <span class='ocrx_word' id='word_1_11' title='bbox 1457 500 1482 524; x_wconf 92' lang='lat'>1.</span> 
     </span>
     <span class='ocr_line' id='line_1_4' title="bbox 533 547 1482 582; baseline -0.001 0"><span class='ocrx_word' id='word_1_12' title='bbox 533 548 669 582; x_wconf 84' lang='lat' dir='ltr'>Contra</span> <span class='ocrx_word' id='word_1_13' title='bbox 687 547 862 582; x_wconf 83' lang='lat' dir='ltr'>Haereses</span> <span class='ocrx_word' id='word_1_14' title='bbox 880 553 1062 582; x_wconf 90' lang='lat' dir='ltr'>nascentes</span> <span class='ocrx_word' id='word_1_15' title='bbox 1375 549 1435 582; x_wconf 89' lang='lat' dir='ltr'>lib.</span> <span class='ocrx_word' id='word_1_16' title='bbox 1458 558 1482 581; x_wconf 81' lang='lat'>1.</span> 
     </span>
     <span class='ocr_line' id='line_1_5' title="bbox 531 605 1517 649; baseline -0.001 -10"><span class='ocrx_word' id='word_1_17' title='bbox 531 605 626 640; x_wconf 88' lang='lat' dir='ltr'>Acta</span> <span class='ocrx_word' id='word_1_18' title='bbox 643 605 908 649; x_wconf 86' lang='lat' dir='ltr'>Disputationis</span> <span class='ocrx_word' id='word_1_19' title='bbox 926 616 1010 639; x_wconf 88' lang='lat' dir='ltr'>suae</span> <span class='ocrx_word' id='word_1_20' title='bbox 1375 605 1437 639; x_wconf 88' lang='lat' dir='ltr'>lib.</span> <span class='ocrx_word' id='word_1_21' title='bbox 1457 614 1482 638; x_wconf 92' lang='lat'>1.</span> <span class='ocrx_word' id='word_1_22' title='bbox 1514 635 1517 638; x_wconf 77' lang='grc'><strong><em>,</em></strong></span> 
     </span>
     <span class='ocr_line' id='line_1_6' title="bbox 533 661 1480 697; baseline -0.002 0"><span class='ocrx_word' id='word_1_23' title='bbox 533 663 588 697; x_wconf 91' lang='lat' dir='ltr'>De</span> <span class='ocrx_word' id='word_1_24' title='bbox 606 663 739 696; x_wconf 87' lang='lat' dir='ltr'>Missae</span> <span class='ocrx_word' id='word_1_25' title='bbox 757 661 936 696; x_wconf 85' lang='lat' dir='ltr'>Sacrificio</span> <span class='ocrx_word' id='word_1_26' title='bbox 1374 662 1435 697; x_wconf 90' lang='lat' dir='ltr'>lib.</span> <span class='ocrx_word' id='word_1_27' title='bbox 1456 671 1480 696; x_wconf 91' lang='lat'>1.</span> 
     </span>
    </p>
   </div>
   <div class='ocr_carea' id='block_1_4' title="bbox 383 718 1778 820">
    <p class='ocr_par' dir='ltr' id='par_1_4' title="bbox 383 718 1778 820">
     <span class='ocr_line' id='line_1_7' title="bbox 433 718 1778 763; baseline 0 -8"><span class='ocrx_word' id='word_1_28' title='bbox 433 721 609 755; x_wconf 87' lang='lat' dir='ltr'>Exulavit</span> <span class='ocrx_word' id='word_1_29' title='bbox 632 731 725 754; x_wconf 89' lang='lat' dir='ltr'>anno</span> <span class='ocrx_word' id='word_1_30' title='bbox 753 728 905 753; x_wconf 81' lang='lat' dir='ltr'>MDLIX.</span> <span class='ocrx_word' id='word_1_31' title='bbox 930 730 1011 753; x_wconf 89' lang='lat' dir='ltr'>cum</span> <span class='ocrx_word' id='word_1_32' title='bbox 1035 720 1192 763; x_wconf 90' lang='lat' dir='ltr'>primum</span> <span class='ocrx_word' id='word_1_33' title='bbox 1218 720 1257 753; x_wconf 93' lang='lat' dir='ltr'>in</span> <span class='ocrx_word' id='word_1_34' title='bbox 1282 720 1445 754; x_wconf 88' lang='lat' dir='ltr'>ecclesias</span> <span class='ocrx_word' id='word_1_35' title='bbox 1471 718 1594 754; x_wconf 84' lang='lat' dir='ltr'>furens</span> <span class='ocrx_word' id='word_1_36' title='bbox 1621 720 1778 755; x_wconf 85' lang='lat' dir='ltr'>haeresis</span> 
     </span>
     <span class='ocr_line' id='line_1_8' title="bbox 383 777 1637 820; baseline -0.006 -6"><span class='ocrx_word' id='word_1_37' title='bbox 383 779 580 818; x_wconf 80' lang='lat' dir='ltr'>involavit3</span> <span class='ocrx_word' id='word_1_38' title='bbox 607 777 668 811; x_wconf 94' lang='lat' dir='ltr'>ubi</span> <span class='ocrx_word' id='word_1_39' title='bbox 687 777 826 817; x_wconf 87' lang='lat' dir='ltr'>obierit,</span> <span class='ocrx_word' id='word_1_40' title='bbox 844 787 916 810; x_wconf 91' lang='lat' dir='ltr'>non</span> <span class='ocrx_word' id='word_1_41' title='bbox 933 777 1160 820; x_wconf 86' lang='lat' dir='ltr'>deprehendi.</span> <span class='ocrx_word' id='word_1_42' title='bbox 1617 778 1619 780; x_wconf 85' lang='lat'>&#39;</span> <span class='ocrx_word' id='word_1_43' title='bbox 1634 779 1637 780; x_wconf 72' lang='grc'>’</span> 
     </span>
    </p>
   </div>
   <div class='ocr_carea' id='block_1_5' title="bbox 832 890 1327 925">
    <p class='ocr_par' dir='ltr' id='par_1_5' title="bbox 832 890 1327 925">
     <span class='ocr_line' id='line_1_9' title="bbox 832 890 1327 925; baseline -0.002 0"><span class='ocrx_word' id='word_1_44' title='bbox 832 890 1166 925; x_wconf 89' lang='lat' dir='ltr'>PECTELINUS.</span> <span class='ocrx_word' id='word_1_45' title='bbox 1222 890 1327 925; x_wconf 77' lang='lat'>1026.</span> 
     </span>
    </p>
   </div>
   <div class='ocr_carea' id='block_1_6' title="bbox 372 1005 1777 1571">
    <p class='ocr_par' dir='ltr' id='par_1_6' title="bbox 381 1005 1777 1167">
     <span class='ocr_line' id='line_1_10' title="bbox 381 1005 1776 1051; baseline 0 -9"><span class='ocrx_word' id='word_1_46' title='bbox 381 1008 659 1047; x_wconf 76' lang='lat' dir='ltr'><strong>PECTELINUS,</strong></span> <span class='ocrx_word' id='word_1_47' title='bbox 678 1006 859 1041; x_wconf 86' lang='lat' dir='ltr'>Candidae</span> <span class='ocrx_word' id='word_1_48' title='bbox 878 1006 989 1040; x_wconf 85' lang='lat' dir='ltr'>Casae</span> <span class='ocrx_word' id='word_1_49' title='bbox 1007 1005 1045 1039; x_wconf 92' lang='lat' dir='ltr'>in</span> <span class='ocrx_word' id='word_1_50' title='bbox 1063 1005 1183 1040; x_wconf 89' lang='lat' dir='ltr'>Scotia</span> <span class='ocrx_word' id='word_1_51' title='bbox 1208 1006 1368 1046; x_wconf 86' lang='lat' dir='ltr'>antistes,</span> <span class='ocrx_word' id='word_1_52' title='bbox 1396 1007 1518 1041; x_wconf 91' lang='lat' dir='ltr'>eodem</span> <span class='ocrx_word' id='word_1_53' title='bbox 1545 1011 1704 1051; x_wconf 88' lang='lat' dir='ltr'>tempore</span> <span class='ocrx_word' id='word_1_54' title='bbox 1723 1019 1776 1042; x_wconf 89' lang='lat' dir='ltr'>se-</span> 
     </span>
     <span class='ocr_line' id='line_1_11' title="bbox 381 1063 1777 1110; baseline -0.001 -10"><span class='ocrx_word' id='word_1_55' title='bbox 381 1066 486 1100; x_wconf 85' lang='lat' dir='ltr'>debat</span> <span class='ocrx_word' id='word_1_56' title='bbox 503 1077 574 1110; x_wconf 91' lang='lat' dir='ltr'>quo</span> <span class='ocrx_word' id='word_1_57' title='bbox 592 1064 919 1110; x_wconf 87' lang='lat' dir='ltr'>Hagustaldensem</span> <span class='ocrx_word' id='word_1_58' title='bbox 936 1063 1118 1097; x_wconf 86' lang='lat' dir='ltr'>ecclesiam</span> <span class='ocrx_word' id='word_1_59' title='bbox 1135 1063 1250 1099; x_wconf 86' lang='lat' dir='ltr'>Accas</span> <span class='ocrx_word' id='word_1_60' title='bbox 1264 1064 1539 1099; x_wconf 82' lang='lat' dir='ltr'>administrabat</span> <span class='ocrx_word' id='word_1_61' title='bbox 1554 1075 1563 1105; x_wconf 86' lang='lat'><em>3</em></span> <span class='ocrx_word' id='word_1_62' title='bbox 1591 1075 1655 1099; x_wconf 83' lang='lat' dir='ltr'>nec</span> <span class='ocrx_word' id='word_1_63' title='bbox 1673 1065 1777 1109; x_wconf 82' lang='lat' dir='ltr'>plura</span> 
     </span>
     <span class='ocr_line' id='line_1_12' title="bbox 381 1121 899 1167; baseline 0 -11"><span class='ocrx_word' id='word_1_64' title='bbox 381 1124 423 1157; x_wconf 90' lang='lat' dir='ltr'>de</span> <span class='ocrx_word' id='word_1_65' title='bbox 441 1135 482 1157; x_wconf 90' lang='lat' dir='ltr'>eo</span> <span class='ocrx_word' id='word_1_66' title='bbox 500 1123 666 1167; x_wconf 90' lang='lat' dir='ltr'>comperi.</span> <span class='ocrx_word' id='word_1_67' title='bbox 719 1121 870 1165; x_wconf 85' lang='lat' dir='ltr'>Scripsit</span> <span class='ocrx_word' id='word_1_68' title='bbox 896 1123 899 1156; x_wconf 77' lang='lat'>1</span> 
     </span>
    </p>

    <p class='ocr_par' dir='ltr' id='par_1_7' title="bbox 528 1177 1478 1225">
     <span class='ocr_line' id='line_1_13' title="bbox 528 1177 1478 1225; baseline -0.001 -11"><span class='ocrx_word' id='word_1_69' title='bbox 528 1180 711 1225; x_wconf 88' lang='lat' dir='ltr'>Epistolas</span> <span class='ocrx_word' id='word_1_70' title='bbox 729 1179 771 1213; x_wconf 91' lang='lat' dir='ltr'>ad</span> <span class='ocrx_word' id='word_1_71' title='bbox 791 1178 925 1212; x_wconf 89' lang='lat' dir='ltr'>Accam</span> <span class='ocrx_word' id='word_1_72' title='bbox 943 1177 1201 1223; x_wconf 89' lang='lat' dir='ltr'>Coepiscopum</span> <span class='ocrx_word' id='word_1_73' title='bbox 1369 1179 1431 1214; x_wconf 88' lang='lat' dir='ltr'>lib.</span> <span class='ocrx_word' id='word_1_74' title='bbox 1453 1189 1478 1213; x_wconf 94' lang='lat'>1.</span> 
     </span>
    </p>

    <p class='ocr_par' dir='ltr' id='par_1_8' title="bbox 372 1237 1776 1571">
     <span class='ocr_line' id='line_1_14' title="bbox 428 1237 1773 1281; baseline 0 -9"><span class='ocrx_word' id='word_1_75' title='bbox 428 1237 597 1273; x_wconf 86' lang='lat' dir='ltr'>Florebat</span> <span class='ocrx_word' id='word_1_76' title='bbox 619 1248 713 1271; x_wconf 89' lang='lat' dir='ltr'>anno</span> <span class='ocrx_word' id='word_1_77' title='bbox 739 1245 944 1271; x_wconf 82' lang='lat' dir='ltr'>DCCXXXI.</span> <span class='ocrx_word' id='word_1_78' title='bbox 970 1247 1075 1280; x_wconf 88' lang='lat' dir='ltr'>quem</span> <span class='ocrx_word' id='word_1_79' title='bbox 1102 1247 1237 1270; x_wconf 88' lang='lat' dir='ltr'>annum</span> <span class='ocrx_word' id='word_1_80' title='bbox 1262 1246 1358 1270; x_wconf 90' lang='lat' dir='ltr'>mors</span> <span class='ocrx_word' id='word_1_81' title='bbox 1386 1237 1498 1281; x_wconf 85' lang='lat' dir='ltr'>ipsius</span> <span class='ocrx_word' id='word_1_82' title='bbox 1521 1237 1681 1272; x_wconf 87' lang='lat' dir='ltr'>insecuta</span> <span class='ocrx_word' id='word_1_83' title='bbox 1698 1243 1773 1278; x_wconf 89' lang='lat' dir='ltr'>est;</span> 
     </span>
     <span class='ocr_line' id='line_1_15' title="bbox 379 1292 1776 1339; baseline -0.001 -9"><span class='ocrx_word' id='word_1_84' title='bbox 379 1296 437 1331; x_wconf 89' lang='lat' dir='ltr'>cui</span> <span class='ocrx_word' id='word_1_85' title='bbox 455 1295 698 1330; x_wconf 84' lang='lat' dir='ltr'>Frithwaldus</span> <span class='ocrx_word' id='word_1_86' title='bbox 717 1294 894 1333; x_wconf 88' lang='lat' dir='ltr'>successit,</span> <span class='ocrx_word' id='word_1_87' title='bbox 913 1293 1035 1330; x_wconf 87' lang='lat' dir='ltr'>eodem</span> <span class='ocrx_word' id='word_1_88' title='bbox 1053 1292 1299 1339; x_wconf 86' lang='lat' dir='ltr'>Wigorniensi</span> <span class='ocrx_word' id='word_1_89' title='bbox 1327 1298 1471 1328; x_wconf 88' lang='lat' dir='ltr'>auctore</span> <span class='ocrx_word' id='word_1_90' title='bbox 1488 1305 1498 1335; x_wconf 92' lang='lat'>;</span> <span class='ocrx_word' id='word_1_91' title='bbox 1525 1295 1587 1328; x_wconf 89' lang='lat' dir='ltr'>sed</span> <span class='ocrx_word' id='word_1_92' title='bbox 1605 1305 1686 1328; x_wconf 91' lang='lat' dir='ltr'>cum</span> <span class='ocrx_word' id='word_1_93' title='bbox 1705 1296 1776 1329; x_wconf 86' lang='lat' dir='ltr'>duo</span> 
     </span>
     <span class='ocr_line' id='line_1_16' title="bbox 378 1349 1775 1399; baseline -0.001 -11"><span class='ocrx_word' id='word_1_94' title='bbox 378 1355 515 1399; x_wconf 86' lang='lat' dir='ltr'>priores</span> <span class='ocrx_word' id='word_1_95' title='bbox 537 1351 634 1387; x_wconf 90' lang='lat' dir='ltr'>Scoti</span> <span class='ocrx_word' id='word_1_96' title='bbox 655 1351 801 1391; x_wconf 90' lang='lat' dir='ltr'>fuerint,</span> <span class='ocrx_word' id='word_1_97' title='bbox 828 1350 923 1384; x_wconf 90' lang='lat' dir='ltr'>hunc</span> <span class='ocrx_word' id='word_1_98' title='bbox 948 1349 1111 1396; x_wconf 88' lang='lat' dir='ltr'>Anglum</span> <span class='ocrx_word' id='word_1_99' title='bbox 1137 1361 1212 1384; x_wconf 90' lang='lat' dir='ltr'>esse</span> <span class='ocrx_word' id='word_1_100' title='bbox 1238 1351 1376 1391; x_wconf 90' lang='lat' dir='ltr'>volunt,</span> <span class='ocrx_word' id='word_1_101' title='bbox 1403 1352 1464 1385; x_wconf 86' lang='lat' dir='ltr'>sed</span> <span class='ocrx_word' id='word_1_102' title='bbox 1490 1362 1556 1397; x_wconf 91' lang='lat' dir='ltr'>ego</span> <span class='ocrx_word' id='word_1_103' title='bbox 1579 1353 1678 1386; x_wconf 92' lang='lat' dir='ltr'>nullo</span> <span class='ocrx_word' id='word_1_104' title='bbox 1696 1362 1775 1396; x_wconf 90' lang='lat' dir='ltr'>pro-</span> 
     </span>
     <span class='ocr_line' id='line_1_17' title="bbox 377 1406 1775 1455; baseline -0.002 -9"><span class='ocrx_word' id='word_1_105' title='bbox 377 1413 460 1446; x_wconf 89' lang='lat' dir='ltr'>bato</span> <span class='ocrx_word' id='word_1_106' title='bbox 474 1411 645 1455; x_wconf 84' lang='lat' dir='ltr'>scriptore</span> <span class='ocrx_word' id='word_1_107' title='bbox 657 1409 695 1443; x_wconf 88' lang='lat' dir='ltr'>id</span> <span class='ocrx_word' id='word_1_108' title='bbox 705 1407 873 1442; x_wconf 86' lang='lat' dir='ltr'>affirmari</span> <span class='ocrx_word' id='word_1_109' title='bbox 885 1407 999 1441; x_wconf 85' lang='lat' dir='ltr'>video.</span> <span class='ocrx_word' id='word_1_110' title='bbox 1037 1406 1116 1442; x_wconf 94' lang='lat' dir='ltr'>Hoc</span> <span class='ocrx_word' id='word_1_111' title='bbox 1127 1419 1210 1442; x_wconf 88' lang='lat' dir='ltr'>sane</span> <span class='ocrx_word' id='word_1_112' title='bbox 1222 1413 1318 1443; x_wconf 87' lang='lat' dir='ltr'>certo</span> <span class='ocrx_word' id='word_1_113' title='bbox 1332 1409 1453 1453; x_wconf 86' lang='lat' dir='ltr'>liquet,</span> <span class='ocrx_word' id='word_1_114' title='bbox 1469 1407 1650 1443; x_wconf 85' lang='lat' dir='ltr'>candidae</span> <span class='ocrx_word' id='word_1_115' title='bbox 1664 1408 1775 1444; x_wconf 89' lang='lat' dir='ltr'>Casae</span> 
     </span>
     <span class='ocr_line' id='line_1_18' title="bbox 377 1462 1775 1514; baseline -0.002 -10"><span class='ocrx_word' id='word_1_116' title='bbox 377 1470 619 1514; x_wconf 90' lang='lat' dir='ltr'>episcopatum</span> <span class='ocrx_word' id='word_1_117' title='bbox 651 1477 790 1510; x_wconf 84' lang='lat' dir='ltr'>semper</span> <span class='ocrx_word' id='word_1_118' title='bbox 820 1465 967 1499; x_wconf 87' lang='lat' dir='ltr'>ditionis</span> <span class='ocrx_word' id='word_1_119' title='bbox 995 1464 1106 1499; x_wconf 85' lang='lat' dir='ltr'>fuisse</span> <span class='ocrx_word' id='word_1_120' title='bbox 1136 1465 1306 1506; x_wconf 85' lang='lat' dir='ltr'>Scoticae,</span> <span class='ocrx_word' id='word_1_121' title='bbox 1336 1477 1400 1501; x_wconf 86' lang='lat' dir='ltr'>nec</span> <span class='ocrx_word' id='word_1_122' title='bbox 1430 1477 1591 1511; x_wconf 88' lang='lat' dir='ltr'>unquam</span> <span class='ocrx_word' id='word_1_123' title='bbox 1620 1462 1775 1513; x_wconf 87' lang='lat' dir='ltr'>Anglico</span> 
     </span>
     <span class='ocr_line' id='line_1_19' title="bbox 372 1522 1775 1571; baseline -0.002 -10"><span class='ocrx_word' id='word_1_124' title='bbox 372 1527 448 1571; x_wconf 89' lang='lat' dir='ltr'>juri</span> <span class='ocrx_word' id='word_1_125' title='bbox 466 1526 677 1571; x_wconf 89' lang='lat' dir='ltr'>subjectum,</span> <span class='ocrx_word' id='word_1_126' title='bbox 696 1530 802 1569; x_wconf 87' lang='lat' dir='ltr'>atque</span> <span class='ocrx_word' id='word_1_127' title='bbox 820 1522 1018 1557; x_wconf 87' lang='lat' dir='ltr'>etiamnum</span> <span class='ocrx_word' id='word_1_128' title='bbox 1035 1522 1140 1558; x_wconf 89' lang='lat' dir='ltr'>hodie</span> <span class='ocrx_word' id='word_1_129' title='bbox 1159 1523 1307 1559; x_wconf 87' lang='lat' dir='ltr'>Galdiae</span> <span class='ocrx_word' id='word_1_130' title='bbox 1326 1535 1390 1558; x_wconf 86' lang='lat' dir='ltr'>seu</span> <span class='ocrx_word' id='word_1_131' title='bbox 1404 1523 1625 1558; x_wconf 88' lang='lat' dir='ltr'>Gallovidiae</span> <span class='ocrx_word' id='word_1_132' title='bbox 1643 1525 1775 1569; x_wconf 84' lang='lat' dir='ltr'>episco-</span> 
     </span>
    </p>
   </div>
   <div class='ocr_carea' id='block_1_7' title="bbox 375 1583 610 1628">
    <p class='ocr_par' dir='ltr' id='par_1_9' title="bbox 375 1583 610 1628">
     <span class='ocr_line' id='line_1_20' title="bbox 375 1583 610 1628; baseline -0.013 -9"><span class='ocrx_word' id='word_1_133' title='bbox 375 1590 481 1628; x_wconf 88' lang='lat' dir='ltr'>patus</span> <span class='ocrx_word' id='word_1_134' title='bbox 499 1583 610 1617; x_wconf 90' lang='lat' dir='ltr'>audit.</span> 
     </span>
    </p>
   </div>
   <div class='ocr_carea' id='block_1_8' title="bbox 697 1695 1450 1734">
    <p class='ocr_par' dir='ltr' id='par_1_10' title="bbox 697 1695 1450 1734">
     <span class='ocr_line' id='line_1_21' title="bbox 697 1695 1450 1734; baseline -0.004 -1"><span class='ocrx_word' id='word_1_135' title='bbox 697 1696 973 1733; x_wconf 88' lang='lat' dir='ltr'>ROBERTUS</span> <span class='ocrx_word' id='word_1_136' title='bbox 998 1695 1285 1731; x_wconf 89' lang='lat' dir='ltr'>PHILIPPUS.</span> <span class='ocrx_word' id='word_1_137' title='bbox 1346 1699 1450 1734; x_wconf 80' lang='lat'><strong>1027.</strong></span> 
     </span>
    </p>
   </div>
   <div class='ocr_carea' id='block_1_9' title="bbox 374 1811 1771 2481">
    <p class='ocr_par' dir='ltr' id='par_1_11' title="bbox 374 1811 1771 2481">
     <span class='ocr_line' id='line_1_22' title="bbox 376 1811 1771 1856; baseline -0.001 -7"><span class='ocrx_word' id='word_1_138' title='bbox 376 1816 598 1849; x_wconf 79' lang='lat' dir='ltr'>ROBERTUS</span> <span class='ocrx_word' id='word_1_139' title='bbox 629 1812 818 1856; x_wconf 89' lang='lat' dir='ltr'>Philippus</span> <span class='ocrx_word' id='word_1_140' title='bbox 849 1811 1091 1851; x_wconf 87' lang='lat' dir='ltr'>Sanchrensis,</span> <span class='ocrx_word' id='word_1_141' title='bbox 1126 1812 1244 1846; x_wconf 89' lang='lat' dir='ltr'>nobile</span> <span class='ocrx_word' id='word_1_142' title='bbox 1274 1813 1458 1846; x_wconf 89' lang='lat' dir='ltr'>literarum</span> <span class='ocrx_word' id='word_1_143' title='bbox 1495 1812 1702 1847; x_wconf 89' lang='lat' dir='ltr'>tirocinium</span> <span class='ocrx_word' id='word_1_144' title='bbox 1734 1815 1771 1848; x_wconf 89' lang='lat' dir='ltr'>in</span> 
     </span>
     <span class='ocr_line' id='line_1_23' title="bbox 376 1869 1770 1917; baseline -0.001 -10"><span class='ocrx_word' id='word_1_145' title='bbox 376 1873 495 1907; x_wconf 89' lang='lat' dir='ltr'>Scotia</span> <span class='ocrx_word' id='word_1_146' title='bbox 511 1871 595 1917; x_wconf 86' lang='lat' dir='ltr'>egit,</span> <span class='ocrx_word' id='word_1_147' title='bbox 614 1870 715 1904; x_wconf 87' lang='lat' dir='ltr'>auxit</span> <span class='ocrx_word' id='word_1_148' title='bbox 733 1869 898 1909; x_wconf 88' lang='lat' dir='ltr'>Lovanii‚</span> <span class='ocrx_word' id='word_1_149' title='bbox 925 1869 1079 1903; x_wconf 84' lang='lat' dir='ltr'>absolvit</span> <span class='ocrx_word' id='word_1_150' title='bbox 1105 1869 1252 1910; x_wconf 89' lang='lat' dir='ltr'>Romae,</span> <span class='ocrx_word' id='word_1_151' title='bbox 1280 1870 1428 1904; x_wconf 85' lang='lat' dir='ltr'>Parisiis</span> <span class='ocrx_word' id='word_1_152' title='bbox 1452 1870 1503 1904; x_wconf 84' lang='lat' dir='ltr'>ita</span> <span class='ocrx_word' id='word_1_153' title='bbox 1528 1881 1647 1904; x_wconf 86' lang='lat' dir='ltr'>sacrae</span> <span class='ocrx_word' id='word_1_154' title='bbox 1672 1871 1770 1906; x_wconf 92' lang='lat' dir='ltr'>theo-</span> 
     </span>
     <span class='ocr_line' id='line_1_24' title="bbox 377 1926 1771 1976; baseline -0.001 -12"><span class='ocrx_word' id='word_1_155' title='bbox 377 1930 490 1976; x_wconf 89' lang='lat' dir='ltr'>logiae</span> <span class='ocrx_word' id='word_1_156' title='bbox 508 1940 636 1963; x_wconf 85' lang='lat' dir='ltr'>arcana</span> <span class='ocrx_word' id='word_1_157' title='bbox 654 1927 807 1968; x_wconf 87' lang='lat' dir='ltr'>imbibit,</span> <span class='ocrx_word' id='word_1_158' title='bbox 827 1931 868 1961; x_wconf 83' lang='lat' dir='ltr'>ut</span> <span class='ocrx_word' id='word_1_159' title='bbox 886 1938 964 1961; x_wconf 90' lang='lat' dir='ltr'>cum</span> <span class='ocrx_word' id='word_1_160' title='bbox 988 1927 1026 1960; x_wconf 90' lang='lat' dir='ltr'>in</span> <span class='ocrx_word' id='word_1_161' title='bbox 1053 1926 1173 1961; x_wconf 86' lang='lat' dir='ltr'>Scotia</span> <span class='ocrx_word' id='word_1_162' title='bbox 1198 1932 1300 1967; x_wconf 89' lang='lat' dir='ltr'>esset,</span> <span class='ocrx_word' id='word_1_163' title='bbox 1327 1932 1515 1962; x_wconf 87' lang='lat' dir='ltr'>novatores</span> <span class='ocrx_word' id='word_1_164' title='bbox 1542 1939 1771 1974; x_wconf 85' lang='lat' dir='ltr'>congressum</span> 
     </span>
     <span class='ocr_line' id='line_1_25' title="bbox 375 1984 1770 2031; baseline -0.001 -10"><span class='ocrx_word' id='word_1_165' title='bbox 375 1989 554 2027; x_wconf 89' lang='lat' dir='ltr'>timentes,</span> <span class='ocrx_word' id='word_1_166' title='bbox 584 1985 714 2020; x_wconf 88' lang='lat' dir='ltr'>carceri</span> <span class='ocrx_word' id='word_1_167' title='bbox 739 1996 819 2018; x_wconf 91' lang='lat' dir='ltr'>eum</span> <span class='ocrx_word' id='word_1_168' title='bbox 843 1984 984 2028; x_wconf 92' lang='lat' dir='ltr'>publico</span> <span class='ocrx_word' id='word_1_169' title='bbox 1008 1995 1029 2017; x_wconf 85' lang='lat' dir='ltr'>a</span> <span class='ocrx_word' id='word_1_170' title='bbox 1054 1989 1155 2028; x_wconf 84' lang='lat' dir='ltr'>patre</span> <span class='ocrx_word' id='word_1_171' title='bbox 1180 1985 1358 2019; x_wconf 90' lang='lat' dir='ltr'>haeretico</span> <span class='ocrx_word' id='word_1_172' title='bbox 1384 1985 1567 2029; x_wconf 89' lang='lat' dir='ltr'>proditum</span> <span class='ocrx_word' id='word_1_173' title='bbox 1593 1987 1770 2031; x_wconf 87' lang='lat' dir='ltr'>mancipa-</span> 
     </span>
     <span class='ocr_line' id='line_1_26' title="bbox 375 2041 1771 2088; baseline 0 -10"><span class='ocrx_word' id='word_1_174' title='bbox 375 2046 459 2085; x_wconf 89' lang='lat' dir='ltr'>rint,</span> <span class='ocrx_word' id='word_1_175' title='bbox 477 2044 539 2078; x_wconf 85' lang='lat' dir='ltr'>ubi</span> <span class='ocrx_word' id='word_1_176' title='bbox 557 2043 757 2077; x_wconf 83' lang='lat' dir='ltr'>constantia</span> <span class='ocrx_word' id='word_1_177' title='bbox 774 2041 1006 2087; x_wconf 91' lang='lat' dir='ltr'>insuperabili</span> <span class='ocrx_word' id='word_1_178' title='bbox 1026 2042 1141 2076; x_wconf 87' lang='lat' dir='ltr'>minas</span> <span class='ocrx_word' id='word_1_179' title='bbox 1160 2054 1284 2076; x_wconf 89' lang='lat' dir='ltr'>eorum</span> <span class='ocrx_word' id='word_1_180' title='bbox 1302 2043 1364 2087; x_wconf 89' lang='lat' dir='ltr'>qui</span> <span class='ocrx_word' id='word_1_181' title='bbox 1383 2043 1607 2088; x_wconf 87' lang='lat' dir='ltr'>torquebant,</span> <span class='ocrx_word' id='word_1_182' title='bbox 1632 2055 1672 2078; x_wconf 89' lang='lat' dir='ltr'>ac</span> <span class='ocrx_word' id='word_1_183' title='bbox 1695 2055 1771 2078; x_wconf 92' lang='lat' dir='ltr'>cru-</span> 
     </span>
     <span class='ocr_line' id='line_1_27' title="bbox 375 2100 1770 2146; baseline -0.001 -10"><span class='ocrx_word' id='word_1_184' title='bbox 375 2103 487 2136; x_wconf 88' lang='lat' dir='ltr'>ciatus</span> <span class='ocrx_word' id='word_1_185' title='bbox 507 2101 667 2145; x_wconf 80' lang='lat' dir='ltr'>sprevit3</span> <span class='ocrx_word' id='word_1_186' title='bbox 696 2100 879 2134; x_wconf 88' lang='lat' dir='ltr'>Lutetiam</span> <span class='ocrx_word' id='word_1_187' title='bbox 897 2100 1022 2140; x_wconf 78' lang='lat' dir='ltr'>reduX,</span> <span class='ocrx_word' id='word_1_188' title='bbox 1049 2100 1312 2145; x_wconf 90' lang='lat' dir='ltr'>philosophiam</span> <span class='ocrx_word' id='word_1_189' title='bbox 1338 2101 1479 2146; x_wconf 90' lang='lat' dir='ltr'>publice</span> <span class='ocrx_word' id='word_1_190' title='bbox 1505 2101 1542 2135; x_wconf 84' lang='lat' dir='ltr'>in</span> <span class='ocrx_word' id='word_1_191' title='bbox 1569 2101 1770 2136; x_wconf 85' lang='lat' dir='ltr'>Becodiano</span> 
     </span>
     <span class='ocr_line' id='line_1_28' title="bbox 376 2157 1453 2203; baseline 0 -10"><span class='ocrx_word' id='word_1_192' title='bbox 376 2165 428 2193; x_wconf 85' lang='lat' dir='ltr'>est</span> <span class='ocrx_word' id='word_1_193' title='bbox 446 2158 637 2203; x_wconf 88' lang='lat' dir='ltr'>professus.</span> <span class='ocrx_word' id='word_1_194' title='bbox 691 2157 843 2202; x_wconf 88' lang='lat' dir='ltr'>Scripsit</span> <span class='ocrx_word' id='word_1_195' title='bbox 1451 2191 1453 2193; x_wconf 83' lang='lat'><em>.</em></span> 
     </span>
     <span class='ocr_line' id='line_1_29' title="bbox 522 2215 1473 2259; baseline 0.001 -9"><span class='ocrx_word' id='word_1_196' title='bbox 522 2217 565 2250; x_wconf 89' lang='lat' dir='ltr'>In</span> <span class='ocrx_word' id='word_1_197' title='bbox 585 2216 705 2249; x_wconf 87' lang='lat' dir='ltr'>omnia</span> <span class='ocrx_word' id='word_1_198' title='bbox 721 2215 929 2249; x_wconf 88' lang='lat' dir='ltr'>Aristotelis</span> <span class='ocrx_word' id='word_1_199' title='bbox 947 2215 1068 2259; x_wconf 91' lang='lat' dir='ltr'>Opera</span> <span class='ocrx_word' id='word_1_200' title='bbox 1366 2217 1427 2251; x_wconf 87' lang='lat' dir='ltr'>lib.</span> <span class='ocrx_word' id='word_1_201' title='bbox 1448 2226 1473 2250; x_wconf 89' lang='lat'>1.</span> 
     </span>
     <span class='ocr_line' id='line_1_30' title="bbox 523 2273 1471 2309; baseline 0 -2"><span class='ocrx_word' id='word_1_202' title='bbox 523 2274 625 2307; x_wconf 85' lang='lat' dir='ltr'>Fidei</span> <span class='ocrx_word' id='word_1_203' title='bbox 643 2273 913 2307; x_wconf 86' lang='lat' dir='ltr'>Controversias</span> <span class='ocrx_word' id='word_1_204' title='bbox 1364 2274 1425 2309; x_wconf 89' lang='lat' dir='ltr'>lib.</span> <span class='ocrx_word' id='word_1_205' title='bbox 1446 2283 1471 2308; x_wconf 94' lang='lat'>1.</span> 
     </span>
     <span class='ocr_line' id='line_1_31' title="bbox 424 2330 1767 2377; baseline 0.001 -13"><span class='ocrx_word' id='word_1_206' title='bbox 424 2331 526 2365; x_wconf 87' lang='lat' dir='ltr'>Vivit</span> <span class='ocrx_word' id='word_1_207' title='bbox 544 2331 659 2364; x_wconf 90' lang='lat' dir='ltr'>adhuc</span> <span class='ocrx_word' id='word_1_208' title='bbox 677 2330 828 2365; x_wconf 86' lang='lat' dir='ltr'>Tolosae</span> <span class='ocrx_word' id='word_1_209' title='bbox 845 2331 883 2364; x_wconf 89' lang='lat' dir='ltr'>in</span> <span class='ocrx_word' id='word_1_210' title='bbox 906 2336 1028 2366; x_wconf 85' lang='lat' dir='ltr'>sancto</span> <span class='ocrx_word' id='word_1_211' title='bbox 1055 2331 1350 2377; x_wconf 86' lang='lat' dir='ltr'>Presbyterorum</span> <span class='ocrx_word' id='word_1_212' title='bbox 1379 2331 1549 2372; x_wconf 85' lang='lat' dir='ltr'>Oratorii,</span> <span class='ocrx_word' id='word_1_213' title='bbox 1568 2332 1625 2366; x_wconf 89' lang='lat' dir='ltr'>cui</span> <span class='ocrx_word' id='word_1_214' title='bbox 1647 2343 1684 2366; x_wconf 89' lang='lat' dir='ltr'>se</span> <span class='ocrx_word' id='word_1_215' title='bbox 1707 2334 1767 2366; x_wconf 89' lang='lat' dir='ltr'>ad-</span> 
     </span>
     <span class='ocr_line' id='line_1_32' title="bbox 374 2388 1765 2430; baseline 0.001 -8"><span class='ocrx_word' id='word_1_216' title='bbox 374 2389 477 2428; x_wconf 83' lang='lat' dir='ltr'>dixit,</span> <span class='ocrx_word' id='word_1_217' title='bbox 495 2388 693 2428; x_wconf 80' lang='lat' dir='ltr'>consorti03</span> <span class='ocrx_word' id='word_1_218' title='bbox 713 2388 820 2423; x_wconf 92' lang='lat' dir='ltr'>homo</span> <span class='ocrx_word' id='word_1_219' title='bbox 838 2388 913 2423; x_wconf 89' lang='lat' dir='ltr'>sine</span> <span class='ocrx_word' id='word_1_220' title='bbox 931 2389 1134 2429; x_wconf 89' lang='lat' dir='ltr'>ambitione,</span> <span class='ocrx_word' id='word_1_221' title='bbox 1156 2390 1328 2430; x_wconf 86' lang='lat' dir='ltr'>eruditus,</span> <span class='ocrx_word' id='word_1_222' title='bbox 1347 2400 1386 2423; x_wconf 85' lang='lat' dir='ltr'>ac</span> <span class='ocrx_word' id='word_1_223' title='bbox 1400 2389 1612 2424; x_wconf 86' lang='lat' dir='ltr'>suavissima</span> <span class='ocrx_word' id='word_1_224' title='bbox 1626 2400 1765 2424; x_wconf 85' lang='lat' dir='ltr'>morum</span> 
     </span>
     <span class='ocr_line' id='line_1_33' title="bbox 374 2446 549 2481; baseline -0.006 -1"><span class='ocrx_word' id='word_1_225' title='bbox 374 2446 549 2481; x_wconf 87' lang='lat' dir='ltr'>comitate.</span> 
     </span>
    </p>
   </div>
  </div>
 </body>
</html>
