2060 2848
367 276 430 306 642
749 276 984 309 HISTORIA
1008 277 1383 312 ECCLESIASTICA

368 371 490 405 libero.
542 370 725 405 Notkerus
752 371 927 406 Balbulus
953 383 1036 406 non.
1061 371 1185 407 Junii:
1212 378 1234 394 “
1251 373 1288 408 S.
1315 373 1524 408 Bonifacius
1549 375 1764 420 martyrium

368 428 630 462 consummavit
647 439 726 462 cum
745 428 896 463 Eobano
914 430 1088 474 episcopo,
1106 435 1142 465 et
1159 431 1238 465 aliis
1256 430 1368 466 servis
1392 430 1473 471 Dei,
1499 442 1654 476 quorum
1680 432 1766 467 haec

369 490 454 519 sunt
491 485 661 525 nomina3
705 485 892 532 Wintrug,
931 486 1129 527 walthere,
1166 487 1375 529 Sckirwald,
1410 487 1541 528 Bosan‚
1582 488 1766 531 Hamund,

371 542 541 582 Hetheoe,
583 541 770 583 Wacchar,
814 542 1017 584 Gundacar,
1065 544 1299 585 Willelthere,
1345 544 1549 587 Hadonolf3
1594 547 1637 581 de
1680 559 1766 592 quo-

368 610 448 633 rum
480 599 626 645 collegio
661 599 777 634 fertur
806 599 917 634 fuisse
951 600 1181 635 Willibaldus
1214 601 1410 636 virtutibus
1440 607 1476 637 et
1507 602 1668 637 doctrina
1699 605 1767 649 cla-

367 655 565 691 rissimus.’'

415 713 554 748 Eodem
571 718 730 758 tempore
747 724 818 757 quo
835 723 880 747 ex
896 712 1017 747 Scotia
1033 713 1071 747 in
1089 712 1318 748 Germaniam
1343 715 1442 749 venit
1466 715 1511 749 ad
1537 715 1766 752 Bonifacium

365 770 607 810 Willibaldus,
642 770 826 814 episcopus
861 775 1086 805 consecratus
1125 774 1179 804 est
1212 770 1504 812 Aichstadianus,
1548 782 1612 806 seu
1648 772 1769 808 Eista-

366 828 486 867 tensis,
517 832 559 861 ut
593 831 628 861 et
662 826 893 861 Burchardus
926 827 1207 871 Herbipolensis,
1242 827 1449 873 Gaybaldus
1481 828 1766 872 Ratisbonensis,

365 885 522 921 Joannes
548 884 847 930 Saltzburgensis,
877 884 1093 919 Ermbertus
1124 883 1377 930 Frisingensis.
1436 885 1576 921 Histor.
1603 887 1647 921 de
1671 887 1770 923 Fun·

366 944 507 978 datione
535 942 716 977 Ecclesiae
746 942 990 982 Illinimensis‚
1021 946 1057 976 et
1081 942 1345 977 Translationis
1371 943 1455 977 almi
1483 942 1706 979 Confessoris
1732 952 1768 980 et

365 1000 549 1035 Pontificis
566 999 721 1040 Arsacii‚
747 1011 830 1046 pag.
849 1008 1069 1034 CCCCLXXI.
1121 1000 1290 1034 Meminit
1317 999 1559 1035 Ermenoldus
1585 1000 1768 1037 Diaconus

365 1059 403 1092 in
421 1058 508 1093 Vita
525 1058 560 1092 S.
580 1057 681 1092 Solae
699 1069 780 1104 pag.
801 1066 980 1091 DXLV111.
1008 1062 1030 1077 ‘⁶
1050 1057 1190 1091 Habuit
1208 1058 1348 1092 Beatus
1367 1057 1460 1098 Sola,
1478 1063 1560 1102 post
1571 1060 1767 1105 gloriosum

368 1116 593 1161 triumphum
619 1116 786 1160 martyrii
819 1115 855 1149 S.
882 1115 1059 1149 Bonifacii
1085 1115 1351 1159 archiepiscopi,
1377 1115 1562 1149 dominum
1589 1116 1767 1151 Willibal·

365 1174 451 1207 dum
469 1174 685 1218 episcopum,
712 1178 748 1207 et
764 1173 1038 1207 Winnibaldum
1065 1183 1275 1218 germanum
1302 1172 1391 1217 ejus,
1418 1173 1680 1217 presbyterum,
1707 1175 1766 1208 ad-

359 1232 499 1276 jutores
517 1231 574 1265 sui
592 1231 734 1272 laboris,
762 1232 824 1276 qui
843 1232 875 1265 ei
893 1236 934 1264 ut
951 1231 1118 1275 propriae
1134 1230 1253 1275 gentis
1274 1229 1353 1263 viro
1371 1229 1537 1264 omnibus
1554 1230 1610 1264 his
1628 1231 1667 1264 in
1684 1231 1768 1266 locis

365 1288 620 1322 adminiculum
638 1293 674 1323 et
692 1289 858 1323 solatium
877 1288 1094 1333 praebebant
1106 1286 1138 1321 :''
1164 1298 1249 1333 ergo
1266 1292 1303 1321 et
1320 1286 1356 1321 S.
1376 1286 1459 1321 Sola
1484 1287 1642 1322 Scoticae
1660 1289 1769 1334 origi·

363 1346 419 1379 nis
436 1345 517 1386 fuit,
536 1346 597 1380 sed
614 1347 684 1380 alia
702 1357 801 1380 mens
820 1345 1049 1385 Ermenoldo,
1067 1345 1111 1378 de
1128 1344 1232 1390 cujus
1256 1344 1324 1378 fide
1349 1345 1604 1389 inquirendum
1631 1356 1766 1381 censeo.

364 1403 484 1449 Larga
506 1403 751 1448 honorataque
777 1404 950 1437 memoria
974 1403 1071 1436 illius
1093 1402 1190 1446 apud
1217 1401 1427 1446 Philippum
1455 1411 1608 1436 xxxlx.
1635 1403 1768 1447 episco-

363 1472 449 1505 pum
480 1459 780 1494 Aichstadianum
810 1461 849 1494 in
874 1459 962 1494 Vita
992 1459 1027 1493 S.
1054 1459 1277 1505 Walpurgae
1306 1460 1459 1505 virginis
1489 1470 1571 1505 pag.
1600 1468 1764 1495 DLXXII.

364 1518 437 1551 Adi
455 1518 500 1551 ad
518 1517 635 1551 Wolff
638 1518 790 1551 hardum
805 1517 1018 1551 monachum
1034 1517 1336 1552 Haseurietanum
1351 1519 1389 1552 in
1402 1518 1489 1553 Vita
1502 1517 1539 1552 S.
1555 1518 1764 1565 Walpurgis

363 1587 445 1621 pag.
465 1584 593 1609 Dcvu.
612 1575 674 1619 qui
692 1585 813 1608 omnes
832 1575 869 1609 in
888 1586 928 1608 eo
946 1576 1175 1615 conveniunt,
1201 1580 1237 1609 et
1262 1575 1436 1609 laboriose
1461 1581 1497 1610 et
1522 1580 1645 1609 sancte
1671 1587 1764 1611 com-

364 1633 509 1666 missam
536 1632 604 1666 sibi
630 1644 652 1665 a
681 1631 717 1665 S.
737 1631 921 1666 Winfrido
947 1633 1128 1667 ecclesiam
1155 1633 1451 1667 administrasse:
1476 1638 1602 1667 narrat
1627 1635 1766 1678 copiose

367 1688 409 1724 B.
429 1690 660 1723 Marcellinus
678 1690 716 1723 in
735 1690 811 1723 vita
828 1689 1011 1723 Suniberti
1029 1701 1105 1734 cap.
1125 1699 1212 1724 XIV.
1227 1691 1323 1735 apud
1336 1689 1483 1724 Surium
1499 1695 1585 1724 tom.
1605 1699 1649 1724 11.
1664 1691 1720 1726 die
1740 1701 1765 1726 1.

364 1747 502 1782 Martii.

414 1804 648 1839 Sanctissima
664 1804 741 1849 ejus
759 1805 930 1838 memoria
947 1804 1116 1839 recolitur
1133 1804 1178 1838 ab
1195 1805 1340 1839 ecclesia
1354 1805 1410 1839 die
1429 1813 1500 1839 vn.
1515 1804 1539 1839 J
1542 1806 1618 1840 ulii.
1666 1805 1765 1841 Mar-

366 1863 519 1908 tyrolog.
539 1861 691 1896 Roman.
721 1866 742 1881 “
762 1861 806 1897 In
832 1861 988 1895 Saxonia
1014 1861 1049 1895 S.
1076 1861 1291 1902 Willebaldi,
1317 1863 1424 1906 primi
1451 1861 1666 1897 Eistetensis
1693 1865 1764 1908 epi-

366 1920 472 1964 scopi,
491 1919 554 1964 qui
571 1930 645 1953 una
662 1930 743 1954 cum
762 1919 797 1952 S.
816 1918 1004 1953 Bonifacio
1020 1919 1185 1953 laborans
1208 1919 1247 1953 in
1273 1920 1458 1965 evangelio
1480 1920 1613 1954 multas
1637 1926 1762 1966 gentes

367 1978 543 2011 convertit
569 1978 615 2011 ad
645 1976 866 2012 Christum.'’
927 1975 1065 2011 Eadem
1096 1977 1157 2010 alii
1189 1977 1527 2023 martyrologiorum
1555 1977 1759 2022 scriptores.

369 2034 523 2069 Usuard.
542 2034 638 2069 Add.
658 2034 902 2079 Maurolycus,
921 2038 957 2068 et
975 2032 1189 2068 Galesinius.
1238 2033 1389 2078 Scripsit

519 2092 644 2127 Vitam
663 2092 699 2126 S.
718 2091 910 2132 Bonifacii,
936 2103 1007 2126 non
1033 2091 1227 2137 ineleganti
1254 2091 1347 2131 stilo,
1374 2091 1436 2125 lib.
1461 2100 1487 2125 1.
1513 2091 1616 2126 aiunt
1642 2092 1764 2127 haere-

566 2151 627 2185 tici
664 2149 991 2196 Magdeburgenses
1026 2148 1172 2183 Centur.
1209 2157 1299 2182 vlu.
1334 2160 1409 2194 cap.
1442 2158 1483 2183 x.
1519 2150 1583 2183 col.
1616 2157 1762 2184 Deccx.

566 2212 587 2227 ‘⁶
613 2218 718 2252 quem
749 2212 832 2241 ante
864 2207 1055 2241 editionem
1083 2206 1210 2249 Lullus
1247 2211 1284 2241 et
1319 2206 1592 2253 Megengandus
1622 2207 1763 2251 inspex-

565 2269 671 2299 erunt
701 2269 736 2299 et
762 2264 1036 2309 approbarunt?
1068 2263 1113 2298 In
1140 2265 1301 2310 catalogo
1326 2268 1447 2298 tamen
1474 2263 1666 2299 Trithemii
1692 2275 1763 2299 non

562 2321 652 2356 liber
670 2330 695 2356 1.
714 2322 776 2356 sed
792 2322 875 2357 libri
894 2330 939 2356 11.
955 2326 1051 2362 sunt,
1070 2322 1140 2356 nisi
1158 2332 1256 2356 error
1274 2321 1322 2356 sit
1339 2321 1486 2356 librarii.
