2060 2848
367 321 385 348 ,ὖ
391 318 431 348 48

763 315 997 350 HISTORIA
1021 313 1397 348 ECCLESIASTICA

521 411 826 459 Martyrologium
877 411 939 446 lib.
960 419 987 445 1.
1038 409 1177 445 editum
1202 420 1318 456 nuper
1347 420 1368 444 a
1398 407 1604 444 doctissimo
1629 407 1775 444 Canisio

569 475 656 505 tom.
676 478 731 504 vl.
750 468 999 515 Antiquarum
1016 467 1242 503 Lectionum.

520 526 564 562 In
579 538 716 562 sacram
734 525 958 571 Scripturam
1007 525 1070 561 lib.
1089 534 1251 560 CLXXII.
1302 529 1434 572 rogatu
1451 523 1644 570 Freculphi
1658 523 1772 559 Lexo-

568 585 703 619 viensis
733 583 902 629 episcopi,
932 594 1014 619 cum
1047 594 1120 629 quo
1153 583 1186 617 ei
1220 593 1353 629 magna
1386 582 1523 629 ingenii
1552 582 1772 617 exercitatio.

571 641 697 676 Sixtus
714 641 882 675 Senensis
899 640 1124 682 Bibliotheca
1140 639 1271 676 Sancta
1287 639 1349 674 lib.
1369 648 1424 674 lv.

520 699 730 734 Orationem
755 698 795 732 in
815 697 1067 732 solennitatem
1090 697 1252 732 omnium
1269 696 1333 732 SS.
1379 696 1441 731 lib.
1461 704 1487 730 1.
1529 697 1734 732 institutam
1753 708 1775 732 a

567 755 744 802 Gregorio
756 753 823 789 IV.
839 754 978 789 volunt.
1013 753 1186 788 Fascicul.
1204 753 1426 799 Temporum
1443 764 1526 801 pag.
1541 762 1657 789 XLVI.
1693 754 1774 789 Pla-

568 813 646 847 tina
670 812 709 846 in
735 811 910 857 Gregorio
935 810 1002 846 IV.
1030 815 1052 831 “
1069 809 1250 851 Scribunt,
1279 815 1411 857 rogatu
1434 810 1611 846 Ludovici
1636 817 1775 847 sancto-

566 880 648 905 rum
674 869 836 904 omnium
864 867 1105 903 celebritatem
1131 868 1294 903 kalendis
1317 867 1534 903 Novembris
1558 867 1775 916 Gregorium

569 927 781 967 instituisse,
811 937 960 971 eamque
990 936 1012 960 a
1038 925 1190 961 Rabano
1219 925 1406 967 monacho,
1433 925 1601 973 theologo
1626 927 1773 974 insigni,

570 984 792 1020 carminibus
819 989 855 1018 et
873 994 981 1028 prosa
1005 983 1188 1018 laudatam
1206 983 1328 1019 fuisse.
1380 982 1425 1019 In
1441 983 1500 1018 his
1523 984 1618 1019 enim
1635 984 1775 1019 duobus

568 1042 711 1077 dicendi
745 1041 937 1088 generibus
967 1041 1026 1075 vir
1056 1041 1194 1082 doctus,
1221 1046 1264 1076 ut
1289 1041 1352 1076 illa
1380 1041 1536 1076 maxime
1563 1046 1775 1087 tempestate

569 1101 657 1136 satis
677 1099 852 1135 valebat.’‘

519 1157 804 1193 Commentarios
830 1156 869 1191 in
894 1156 1004 1191 libros
1031 1156 1331 1201 Paralipomenon
1387 1155 1449 1191 lib.
1469 1165 1495 1191 1.
1546 1155 1691 1192 Platina
1707 1157 1773 1191 ibi·

569 1216 661 1250 dem.

519 1273 563 1308 In
580 1273 691 1308 libros
703 1272 1006 1308 Machabaeorum
1055 1271 1118 1307 lib.
1138 1281 1163 1307 1.
1183 1272 1258 1317 qui,
1271 1271 1355 1306 licet
1371 1271 1508 1307 incerto
1524 1272 1599 1307 sint
1615 1277 1771 1314 auctore,

567 1336 688 1366 tamen
713 1330 808 1365 inter
830 1330 1017 1365 canonicos
1045 1334 1286 1364 recensentur.
1337 1329 1384 1365 D.
1415 1329 1660 1376 Hieronymus
1689 1341 1772 1375 pro-

568 1389 651 1435 logo
684 1389 730 1422 ad
758 1387 820 1422 lib.
851 1396 894 1422 11.
940 1392 962 1407 “
989 1386 1033 1422 In
1062 1398 1121 1422 eos
1152 1387 1313 1423 Bellator
1351 1387 1551 1433 presbyter,
1586 1392 1623 1423 et
1655 1387 1774 1424 Raba-

567 1457 647 1487 nuS,
674 1450 815 1491 praeter
840 1443 1071 1492 glossarioS,’'
1098 1445 1150 1480 ait
1168 1444 1423 1480 Genebrardus
1447 1444 1665 1493 chronolog.
1689 1457 1772 1493 pag.

572 1513 714 1539 exelx.
749 1503 1024 1538 commentarios
1059 1503 1260 1538 ediderunt.
1324 1502 1469 1538 Platina
1503 1503 1580 1539 loco
1613 1504 1770 1539 laudato.

569 1562 763 1597 Gesnerus.

521 1619 709 1654 Sermones
726 1619 906 1665 elegantes
922 1617 968 1652 ad
987 1617 1167 1664 Populum
1217 1618 1279 1653 lib.
1298 1627 1324 1653 1.
1376 1617 1532 1654 Platina.

519 1676 769 1723 Etymologias
819 1676 881 1711 lib.
901 1685 926 1710 1.
953 1686 1042 1721 quas
1060 1676 1134 1711 scio
1150 1687 1222 1711 non
1241 1680 1373 1717 extare,
1400 1675 1482 1711 licet
1506 1687 1566 1712 eas
1589 1676 1627 1712 in
1645 1676 1772 1712 biblio·

567 1735 707 1769 thecam
725 1733 973 1769 Cassinensem
998 1733 1162 1769 intulerit
1179 1733 1410 1768 Theobaldus
1432 1733 1553 1775 abbas,
1578 1739 1621 1769 ut
1646 1739 1771 1770 narrat

567 1791 643 1826 Leo
673 1791 898 1826 Marsicanus
926 1791 1115 1827 cardinalis
1144 1791 1206 1827 lib.
1235 1800 1279 1826 11.
1307 1790 1447 1826 Histor.
1478 1790 1663 1827 Cassinen.
1694 1803 1770 1838 cap.

572 1858 671 1884 Lvn.

523 1907 658 1943 Versus
693 1907 739 1941 ad
772 1907 944 1948 diversos,
975 1911 1011 1942 et
1041 1907 1213 1942 Poemata
1243 1907 1355 1948 varia,
1388 1906 1450 1942 lib.
1490 1915 1516 1941 1.
1550 1918 1665 1953 nuper
1700 1909 1772 1943 edi-

567 1970 606 2000 ta
622 1977 644 2000 a
662 1964 922 2010 Christophoro
940 1963 1123 2005 Browero,
1142 1969 1179 2000 et
1196 1965 1291 2000 notis
1309 1965 1490 2000 illustrata
1503 1965 1664 2007 eruditis,
1678 1977 1770 2012 quae

567 2023 703 2058 consuli
721 2026 895 2067 possunt3
921 2023 1018 2067 stylo
1035 2033 1121 2057 sane
1144 2023 1235 2057 duro
1252 2022 1434 2070 egregiam
1452 2023 1703 2069 antiquitatem
1722 2025 1770 2058 le-

568 2080 736 2127 gentibus
754 2084 948 2114 ostentant.

523 2138 735 2173 Tractatum
754 2138 791 2172 in
813 2137 946 2172 librum
972 2137 1187 2184 Sapientiae,
1214 2143 1250 2174 et
1275 2138 1314 2173 in
1331 2137 1635 2179 Ecclesiasticum,
1658 2139 1719 2173 lib.
1741 2148 1767 2174 1.

570 2196 615 2230 ad
634 2195 829 2242 Otgarium
859 2195 1176 2241 archiepiscopum,
1202 2196 1420 2231 decessorem
1446 2206 1564 2231 suum.
1590 2195 1766 2243 Sigebert.

566 2253 700 2288 Chron.
719 2253 764 2287 ad
782 2264 916 2287 aunum
936 2261 1179 2288 Deccxxvn.
1198 2253 1259 2288 lib.
1279 2262 1319 2287 x.

521 2311 565 2345 In
584 2310 750 2345 Genesim
769 2310 830 2345 lib.
850 2319 904 2345 IV.
923 2311 969 2345 ad
987 2310 1229 2356 Freculphum
1247 2310 1518 2346 Lexoviensem.

520 2367 574 2402 De
609 2367 842 2403 Institutione
873 2368 1094 2404 clericorum
1129 2369 1190 2404 lib.
1223 2377 1284 2403 111.
1341 2367 1442 2402 Editi
1473 2367 1642 2404 Coloniae
1672 2381 1765 2404 anno

569 2433 785 2460 MDvam.
