2060 2848
669 327 844 360 GENTIS
868 325 1144 365 SCOTORUM,
1169 326 1259 359 LIB.
1284 327 1366 359 XII.
1647 327 1709 358 483

473 422 590 466 Super
607 421 823 466 Magistrum
844 420 1108 454 Sententiarum
1376 419 1437 454 lib.
1457 428 1510 453 lv·

472 478 586 522 Super
598 477 871 511 Distinctionem
884 477 1025 511 Decreti
1040 477 1100 510 lib.
1114 486 1139 510 Ι.
1158 476 1213 511 De
1226 476 1361 511 Ordine
1374 476 1397 510 J
1399 477 1597 510 udiciorum
1608 477 1668 511 lib.
1682 486 1706 510 ῐ.

475 535 529 568 De
546 534 784 578 Conceptione
803 534 846 567 B.
866 534 1003 568 Mariae
1019 533 1181 579 Virginis
1194 533 1256 568 lib.
1274 543 1300 568 1.
1319 534 1580 578 opusculorum
1594 534 1653 568 lib.
1670 542 1694 567 1.

470 591 687 631 Quodlibeta
705 590 921 636 Theologica
938 599 1068 624 Lxxx.
1087 590 1347 630 Quaestionum
1373 591 1435 625 lib.
1455 600 1480 624 1.

470 647 754 682 Commentarios
773 647 998 692 imperfectos
1375 648 1436 681 lib.
1456 657 1482 682 Ι.

471 705 516 739 In
533 704 711 750 Regulam
729 704 775 738 D.
795 704 975 738 Francisci
1375 705 1436 739 lib.
1456 714 1482 739 1.

476 761 610 795 Contra
628 761 775 795 Petrum
795 761 945 795 Joannis
1377 762 1437 797 lib.
1458 771 1485 798 Ι.

373 819 472 854 Obiit
490 829 583 853 anno
602 826 722 852 Mccc.
741 819 784 852 de
802 829 873 862 quo
889 818 977 852 illud
995 818 1177 853 dicebatur
1193 829 1201 852 :

622 891 708 920 Sacra
721 890 810 919 refert
825 889 944 919 celebris
958 889 1119 920 Richardus
1133 891 1266 929 dogmata
1279 891 1433 930 quondam,

661 938 758 973 Quem
773 937 875 975 genuit
889 936 989 965 Media
1002 935 1083 966 Villa
1096 938 1196 967 deeora
1210 938 1312 967 virum.

678 1040 1210 1076 MURICHERODACHUS.
1264 1043 1349 1080 913.

324 1158 756 1196 Mnmcmmomcnus,
775 1155 1027 1190 Benedictin'us
1045 1155 1250 1196 monachus,
1279 1155 1313 1189 S.
1341 1156 1497 1191 Mariani
1524 1167 1639 1192 comes
1665 1169 1708 1192 ex

324 1215 443 1250 Scotia
460 1216 497 1249 in
515 1214 745 1249 Germaniam
764 1214 873 1254 venit,
898 1218 935 1247 et
950 1212 1157 1247 monasterii
1175 1211 1457 1254 Rafisbonensis,
1475 1226 1496 1249 a
1514 1214 1705 1255 Friderico‚

323 1274 391 1313 vel,
408 1277 450 1306 ut
467 1273 528 1306 alii
546 1272 683 1311 volunt,
701 1271 746 1304 ab
765 1270 922 1305 Henrico
939 1270 1143 1316 Burgravio
1160 1269 1210 1303 ΙΙ.
1228 1281 1342 1315 nuper
1370 1270 1553 1317 [conditi,]
1581 1273 1706 1313 incola,

324 1330 466 1375 scripsit

474 1386 532 1420 Ad
552 1385 673 1419 Scotos
690 1385 896 1431 peregrinos
914 1384 975 1419 lib.
996 1393 1021 1418 1.
1073 1383 1145 1418 Pro
1162 1383 1273 1418 Cultu
1290 1383 1493 1431 Imaginum
1511 1386 1572 1421 lib.
1593 1395 1618 1420 Ι.

471 1444 527 1478 De
543 1443 689 1478 Virtute
707 1443 743 1477 S.
762 1442 886 1476 Crucis
1259 1441 1320 1476 lib.
1339 1451 1365 1476 1.

374 1502 515 1536 Floruit
534 1509 712 1535 MCLV111.
765 1499 899 1533 Lazius
917 1504 952 1534 et
971 1499 1043 1533 alii.

582 1612 1038 1648 MARTYROLOGIUM
1064 1612 1100 1646 S.
1128 1611 1318 1647 CRUCIS.
1370 1615 1453 1651 914.

325 1729 578 1763 COENOBmM
597 1728 752 1774 Regium
779 1728 841 1762 SS.
869 1727 993 1762 Crucis
1019 1729 1062 1762 ad
1089 1727 1304 1774 Edimburgi
1331 1739 1463 1768 muros,
1490 1728 1709 1763 fundationis

325 1798 408 1821 suae
436 1791 514 1820 acta
539 1797 579 1820 ac
604 1786 717 1819 vitam
742 1784 779 1819 S.
807 1785 927 1819 David
953 1785 1047 1831 regis
1077 1785 1341 1820 accuratissime
1371 1786 1409 1818 in
1439 1797 1550 1819 unum
1582 1797 1707 1831 corpus

324 1844 523 1888 collegerat,
554 1843 819 1886 multorumque
847 1842 1100 1876 monachorum
1131 1853 1215 1875 cura
1241 1842 1496 1876 successionem
1523 1843 1708 1877 continua-

325 1905 448 1934 verat:
477 1900 511 1933 id
529 1904 693 1933 vocatum

476 1956 775 2000 Martyrologium
795 1955 830 1988 S.
848 1955 974 1989 Crucis
1256 1955 1316 1989 lib.
1337 1965 1361 1989 1.

376 2014 592 2047 Pervenerat
603 2012 647 2046 ad
661 2023 793 2046 annum
809 2021 960 2045 MDLXI.
975 2023 996 2045 a
1008 2011 1157 2046 fundato
1172 2013 1397 2047 monasterio.
1428 2012 1519 2047 Vide
1530 2012 1705 2057 Apparat-

328 2072 424 2106 Hist.
443 2071 536 2105 Scot.

692 2166 893 2201 PETRUS
919 2166 1202 2201 MAILLART.
1255 2169 1337 2206 915.

329 2244 490 2277 Pmmss
508 2241 679 2281 Maillart‚
693 2241 787 2287 juris
805 2241 991 2285 utriusque
1009 2241 1141 2281 doctor,
1167 2241 1223 2274 vir
1241 2252 1370 2287 magna
1386 2241 1604 2288 dignatione,
1630 2246 1706 2276 tota

322 2301 515 2345 juventute
545 2300 583 2333 in
608 2298 733 2332 Galliis
761 2302 895 2337 exacta,
921 2309 942 2331 a
967 2297 1094 2331 Carolo
1119 2297 1225 2332 VIII.
1254 2309 1333 2332 cum
1359 2299 1534 2333 Beroaldo
1560 2298 1707 2333 Stuarto

327 2357 480 2403 Obygno
498 2357 542 2390 ad
560 2356 732 2390 Jacobum
752 2354 821 2388 111.
840 2360 960 2389 orator
977 2356 1117 2395 missus,
1144 2360 1246 2389 vetus
1264 2355 1358 2390 inter
1384 2367 1484 2402 reges
1511 2356 1646 2390 Galliae
1670 2361 1704 2390 et

326 2414 463 2448 Scotiae
480 2414 603 2448 foedus
622 2412 819 2452 renovavit,
838 2416 874 2446 et
891 2412 1032 2456 scripsit
