2060 2848
686 306 861 340 GENTIS
885 305 1161 343 SCOTORUM,
1187 305 1276 337 LIB.
1301 305 1347 336 X.
1508 342 1510 344 q
1650 303 1712 334 423

527 404 614 437 tima
630 401 790 447 Augusti
810 408 980 434 MDLXII.
1212 398 1274 432 lib.
1294 406 1320 431 1.

476 460 529 494 De
548 459 755 494 Praesentia
778 458 945 502 Corporis
970 458 1008 491 in
1034 456 1263 490 Sacramento
1287 453 1425 488 Altaris
1450 453 1510 487 lib.
1533 463 1557 487 1.
1578 454 1708 487 dicitur

523 517 706 562 prodiisse.

378 575 543 609 Florebat
560 584 652 608 anno
672 580 850 607 MDLXIV.
869 572 958 606 obiit
971 576 1090 605 autem
1104 570 1160 604 die
1175 578 1280 603 XXII.
1294 567 1454 614 Augusti
1467 567 1589 602 eodem
1604 578 1707 601 anno.

689 686 712 720 J
714 685 910 720 ACOBUS
935 684 1005 718 DE
1033 684 1210 718 KELSO.
1264 685 1346 721 782.

327 802 351 835 J
353 810 505 836 ACOBUS
524 802 566 835 de
584 802 703 840 Kelso,
722 800 973 834 Benedictinus
992 797 1253 832 reformationis
1271 797 1493 836 Tironensis,
1513 797 1606 829 inter
1625 796 1710 829 cele-

327 860 547 893 bratissimos
565 859 680 904 gentis
698 862 841 891 nostrae
857 857 1044 901 scriptores
1057 856 1140 901 jure
1165 855 1344 894 laudatur,
1369 854 1426 887 vir
1443 852 1708 897 incomparabili

324 916 471 960 judicio,
491 915 820 949 mathematicarum
839 913 1120 947 callentissimus.
1174 911 1325 956 Scripsit

475 972 700 1006 Breviarium
718 970 985 1016 Astrologicum
1258 969 1318 1002 lib.
1339 978 1364 1002 1.

475 1029 634 1062 Canones
653 1028 899 1061 Directionum
1257 1027 1318 1060 lib.
1338 1035 1364 1060 Ι.

473 1086 587 1129 Super
607 1085 756 1118 Errores
774 1084 945 1118 Veterum
1255 1083 1315 1117 lib.
1337 1092 1362 1116 Ι.

473 1142 723 1175 Defensionem
744 1140 970 1187 Astrologiae
996 1142 1055 1175 lib.
1076 1151 1119 1174 11.
1144 1145 1185 1174 ut
1209 1151 1253 1174 ex
1276 1140 1390 1174 indice
1414 1140 1586 1174 librorum
1614 1139 1708 1172 illius

523 1200 680 1233 coenobii
699 1198 898 1232 Richardus
917 1198 1062 1232 Brunus
1079 1198 1247 1242 prodidit.

473 1256 753 1290 Commentarios
772 1256 809 1288 in
827 1256 998 1299 quaedam
1016 1255 1240 1290 Archimedis
1258 1255 1319 1289 lib.
1340 1264 1365 1288 1.

475 1314 644 1347 Poemata
661 1324 760 1346 sacra
1258 1311 1320 1345 lib.
1340 1320 1365 1345 Ι.

377 1371 515 1405 Floruit
534 1381 626 1403 anno
646 1377 864 1403 MCDLXXV.

609 1483 895 1517 ANONYMUS
921 1482 1287 1518 KILWINNINUS.
1342 1484 1424 1519 783.

327 1598 567 1632 ANONYMUS
599 1597 828 1637 Kininnius,
857 1601 920 1630 aut
947 1597 1202 1636 Kilwinninus,
1232 1597 1389 1642 ejusdem
1425 1596 1560 1630 ordinis
1589 1597 1709 1636 frater,

327 1656 483 1691 coenobii
510 1656 565 1690 sui
591 1656 698 1689 etiam
724 1655 832 1699 prior,
861 1655 905 1688 ad
935 1655 1081 1688 eandem
1111 1654 1241 1687 famam
1273 1665 1353 1687 cum
1384 1653 1516 1687 Jacobo
1547 1654 1708 1698 superius

327 1714 510 1747 nominato
528 1713 718 1752 contendit,
738 1713 820 1746 licet
837 1712 970 1755 dispari
988 1722 1159 1745 successu.
1212 1710 1361 1755 Scripsit

473 1770 544 1804 Pro
563 1769 740 1813 Alphonsi
758 1769 906 1802 Tabulis
925 1772 1046 1802 contra
1064 1768 1227 1802 Fratrem
1245 1768 1417 1802 Jacobum
1453 1768 1513 1802 lib.
1535 1777 1560 1801 1.

473 1826 579 1860 Nova
596 1826 734 1859 Musica
752 1835 796 1859 ex
813 1824 961 1859 Platone
1454 1826 1514 1859 lib.
1536 1834 1560 1858 1.

376 1882 478 1917 Vixit
496 1894 588 1916 anno
608 1889 826 1916 MCDLXXV.

693 1995 966 2029 ROBERTUS
992 1995 1211 2030 KETHUS.
1266 1997 1347 2032 784.

328 2113 547 2146 ROBERTUS
566 2109 717 2149 Kethus,
743 2110 853 2143 frater
878 2110 1027 2143 Comitis
1054 2109 1244 2150 Martialis,
1271 2110 1328 2143 vir
1353 2120 1424 2143 non
1449 2111 1567 2144 minus
1593 2110 1710 2143 erudi-

326 2170 432 2208 tione,
461 2172 495 2201 et
524 2167 618 2200 vitae
644 2167 871 2206 continentia,
897 2178 1003 2210 quam
1030 2166 1168 2212 generis
1194 2166 1404 2200 claritudine
1431 2167 1706 2205 illustrissimus,

326 2226 432 2259 abbas
450 2224 643 2263 Deirensis,
661 2223 774 2256 multa
792 2223 904 2268 egisse
921 2223 1062 2263 dicitur,
1085 2235 1155 2268 quo
1173 2224 1343 2267 collapsos
1369 2224 1593 2258 ecclesiastici
1616 2224 1707 2257 ordi-

326 2282 381 2316 nis
410 2292 523 2315 mores
556 2281 769 2319 restitueret,
801 2280 991 2313 acerrimus
1018 2280 1187 2314 vitiorum
1213 2280 1251 2313 in
1283 2280 1345 2314 illo
1370 2281 1556 2315 hominum
1581 2291 1708 2326 genere

328 2339 459 2372 vindex
477 2343 510 2371 et
529 2348 661 2371 censor.
715 2336 863 2381 Scripsit
882 2341 917 2370 et
933 2337 1127 2381 publicavit

474 2394 532 2428 Ad
552 2394 695 2428 Clerum
713 2393 908 2428 Monitoria
1258 2394 1319 2428 lib.
1339 2402 1364 2428 1.
