2060 2848
312 328 377 359 410
695 324 928 358 HISTORIA
952 324 1326 357 ECCLESIASTICA

316 421 462 456 Ordinis
481 420 517 456 S.
536 420 723 456 Benedicti
741 431 817 464 cap.
836 428 984 454 cxxxl.
1010 424 1045 454 et
1071 420 1132 454 lib.
1153 428 1207 454 1v.
1234 431 1312 464 cap.
1332 428 1496 453 eLxxn.
1524 420 1613 455 Otto
1637 421 1715 455 Fri-

318 480 457 525 singen.
477 479 538 514 lib.
558 487 596 513 V.
615 490 690 523 cap.
710 486 803 512 XIII.
822 482 858 512 et
875 477 1087 512 Demochar.
1107 478 1145 511 in
1163 476 1325 512 Tabulis.
1380 476 1516 511 Errant
1535 489 1631 519 vero,
1652 479 1714 523 qui

317 536 355 570 S.
387 536 639 570 Burchardum
674 536 832 581 primum
867 534 1182 579 Herbipolensium
1217 535 1415 569 antistitem
1451 534 1599 576 faciunt,
1635 547 1714 569 cum

318 594 464 628 Kiliano
481 594 608 638 primo,
628 594 672 628 ab
690 593 768 637 ipso
785 592 950 638 pontifice
968 593 1142 632 ordinato,
1161 593 1220 626 ille
1241 592 1459 626 successerit.
1511 592 1658 627 Praeter
1675 604 1716 627 ea

317 663 407 696 quae
452 651 667 695 supradicta,
710 650 887 696 Sigeberti
930 650 1193 684 Gemblacensis
1235 650 1322 683 haec
1365 657 1450 684 sunt
1493 650 1538 684 ad
1581 661 1715 685 annum

318 717 531 743 DCLXXXV.
567 713 588 728 ‘⁶
614 708 766 742 Sanctus
793 706 980 741 chilianus
1011 706 1151 748 Scotus,
1180 706 1488 753 wirziburgensis
1518 709 1715 753 episcopus,

319 766 461 800 claret.'’
536 765 643 800 Alius
672 765 717 799 ab
746 765 813 798 hoc
843 764 1007 808 episcopo
1037 764 1204 798 Chiliano
1235 770 1289 798 est
1315 765 1386 804 ille,
1413 765 1475 809 qui
1501 766 1656 810 episcopi
1683 771 1717 799 et

318 823 529 857 confessoris
554 823 698 856 nomine
723 821 906 855 Albiniaci
933 821 971 853 in
998 821 1181 855 territorio
1206 820 1453 856 Attrebatensi
1485 823 1580 867 apud
1609 822 1717 856 Joan-

317 892 397 914 nem
425 880 600 914 Molanun
621 878 809 913 Addition.
836 878 881 911 ad
907 877 1065 912 Usuardi
1093 879 1333 924 Martyrolog.
1361 879 1418 913 die
1441 888 1534 913 XI11.
1560 879 1715 914 Novem-

317 938 399 972 bris.

366 995 458 1029 Cum
486 995 531 1029 ad
559 994 787 1039 sepulchrum
815 994 893 1039 ejus
919 994 1033 1027 multa
1058 994 1250 1038 crebraque
1277 999 1510 1038 patrarentur
1533 995 1715 1034 miracula,

318 1064 421 1087 omne
446 1052 623 1086 honorum
649 1063 774 1098 genus,
801 1056 843 1085 ut
869 1062 913 1085 ex
939 1051 1043 1085 dictis
1069 1056 1228 1095 apparet,
1255 1052 1287 1085 ei
1314 1051 1514 1086 exhibitum
1541 1064 1563 1086 a
1588 1052 1716 1086 devoto

317 1111 459 1155 populo,
480 1109 728 1156 Egilunardus
746 1110 807 1144 lib.
828 1118 870 1143 11.
896 1109 939 1142 de
963 1107 1051 1143 Vita
1075 1108 1112 1142 S.
1140 1108 1342 1142 Burchardi
1369 1120 1445 1153 cap.
1477 1118 1545 1143 VII.
1573 1121 1656 1143 nam
1683 1115 1717 1143 et

316 1169 496 1202 basilicam
527 1168 560 1201 ei
591 1168 940 1212 sumptuosissimam
975 1166 1217 1200 aedificarunt.
1276 1165 1563 1212 Engolismensis
1597 1178 1718 1201 mona-

317 1225 404 1260 chus
434 1235 635 1270 anonymus
664 1225 703 1258 in
733 1224 822 1259 Vita
847 1224 967 1258 Caroli
997 1223 1148 1269 Magni:
1182 1228 1203 1242 “
1230 1222 1362 1257 Natale
1389 1224 1582 1258 celebravit
1609 1225 1654 1259 ad
1680 1224 1715 1258 S.

318 1283 523 1317 chilianum
541 1282 580 1316 in
597 1282 867 1328 Wizirnburg.''
911 1280 962 1315 Et
980 1292 1127 1325 corpora
1145 1281 1258 1325 ipsius
1277 1281 1527 1326 sociorumque
1540 1293 1561 1316 a
1575 1281 1611 1316 S.
1626 1282 1718 1316 Bur-

318 1341 449 1375 chardo
466 1339 658 1374 honorifice
676 1340 876 1379 translata3
904 1339 1000 1383 quod
1018 1339 1074 1372 his
1101 1338 1218 1372 verbis
1245 1338 1283 1372 in
1310 1338 1487 1373 Chronico
1513 1340 1558 1373 ad
1584 1351 1719 1374 annum

318 1406 513 1432 DCCXLVI.
533 1397 701 1431 describit
718 1395 925 1442 Sigebertus
944 1406 952 1430 :
981 1401 1002 1416 ‘⁶
1019 1395 1249 1441 Athalongus
1273 1395 1470 1441 presbyter,
1494 1408 1558 1441 per
1581 1398 1716 1432 illatam

317 1456 385 1490 sibi
404 1455 620 1494 caecitatem,
638 1454 843 1488 admonitus
861 1465 1031 1498 quaerere
1049 1464 1198 1497 corpora
1215 1459 1420 1487 sanctorum
1435 1453 1592 1489 Chiliani
1610 1460 1646 1489 et
1663 1466 1718 1489 so-

317 1514 465 1554 ciorum,
478 1513 635 1547 inventis
649 1516 852 1546 sanctorum
866 1511 1086 1555 corporibus,
1102 1511 1220 1544 visum
1234 1511 1367 1555 recepit
1380 1521 1390 1552 ;
1409 1522 1520 1556 eaque
1533 1523 1582 1552 re,
1597 1512 1633 1547 S.
1649 1512 1718 1548 Bo-

317 1571 468 1605 nifacius
495 1570 707 1616 Moguntiae
733 1569 930 1613 episcopus,
958 1568 1003 1602 ab
1031 1567 1240 1614 Athalongo
1267 1568 1311 1602 ad
1338 1579 1376 1602 se
1403 1569 1530 1610 delata,
1561 1575 1717 1604 castrum

317 1627 549 1662 Wirziburch
584 1627 629 1660 ad
659 1627 830 1660 honorem
867 1625 1024 1660 chiliani
1054 1626 1237 1670 martyris,
1272 1625 1335 1669 qui
1366 1626 1411 1659 ad
1440 1627 1715 1670 praedicandum

318 1686 367 1719 ibi
389 1697 410 1719 a
431 1685 530 1729 Papa
557 1684 702 1718 Conone
728 1684 914 1728 episcopus
941 1683 1127 1717 ordinatus
1153 1682 1282 1722 fuerat,
1306 1683 1427 1727 ibique
1450 1685 1566 1718 locum
1590 1685 1716 1719 mortis

319 1748 354 1777 et
372 1743 502 1787 quietis
528 1754 550 1776 a
573 1741 651 1776 Deo
675 1745 867 1786 acceperat,
894 1740 1103 1785 episcopalis
1131 1740 1224 1774 sedis
1250 1740 1440 1787 privilegio
1463 1742 1636 1788 insignire
1659 1743 1717 1776 de-

319 1801 442 1841 crevit,
474 1800 703 1844 primumque
728 1799 777 1833 ibi
805 1799 1010 1843 episcopum
1036 1802 1199 1832 sanctum
1227 1797 1478 1833 Burchardum
1505 1800 1716 1834 ordinavit.''

320 1858 420 1904 Ergo
447 1858 585 1902 primus
611 1857 798 1901 episcopus
826 1855 1096 1900 Herbipolensis
1122 1866 1144 1889 a
1169 1855 1206 1889 S.
1233 1856 1315 1890 sede
1341 1857 1535 1900 apostolica
1557 1862 1716 1892 extraor-

320 1915 459 1949 dinaria
488 1914 750 1948 consecratione
784 1913 853 1947 fuit
885 1913 1063 1953 Kilianus,
1095 1913 1277 1947 ordinaria
1310 1924 1395 1947 vero
1430 1914 1715 1961 inauguratione,

319 1984 410 2018 quae
428 1984 491 2017 per
514 1972 828 2016 metropolitanum
856 1971 931 2005 fieri
958 1972 1057 2011 solet,
1083 1971 1220 2015 primus
1244 1971 1330 2005 item
1357 1972 1506 2006 antistes
1532 1972 1715 2007 habendus

322 2030 563 2070 Burchardus,
588 2029 650 2074 qui
675 2030 766 2063 male
791 2029 837 2063 ab
862 2027 1041 2062 Adhelmo
1067 2028 1302 2062 Benedictino
1327 2029 1365 2062 in
1393 2029 1595 2064 Francicor.
1625 2031 1714 2077 Reg.

320 2088 489 2122 Annalib.
509 2088 553 2121 ad
571 2098 704 2121 annum
725 2094 922 2120 Dechlx.
941 2097 1023 2131 pag.
1044 2095 1305 2120 CCCLxxxnI.
1334 2092 1482 2121 vocatur
1499 2086 1712 2122 Richardus.

323 2145 516 2179 Transi-ata
545 2156 630 2178 vero
661 2155 809 2188 corpora
839 2143 1189 2189 magnificentissime
1219 2149 1305 2178 sunt
1335 2145 1504 2179 collocata
1538 2156 1618 2179 cum
1649 2146 1715 2180 hoc

325 2203 449 2248 elogio,
467 2203 562 2247 quod
579 2213 754 2247 apponam
769 2213 779 2235 ε

626 2301 668 2329 Hi
683 2306 761 2334 sunt,
777 2300 954 2339 Herbipolis,
969 2301 1019 2339 qui
1033 2305 1063 2329 te
1078 2300 1199 2329 docuere
1214 2301 1353 2339 instri,

664 2348 731 2383 Qua
744 2358 844 2377 verum
858 2348 964 2377 coleres
977 2347 1126 2386 relligione
1142 2348 1238 2376 Deum
1249 2359 1259 2383 ;

625 2395 716 2433 Impia
731 2405 801 2433 quos
814 2395 930 2424 tandem
941 2395 1029 2433 jussit
1045 2395 1168 2424 Geilana
1181 2395 1286 2428 necari,

664 2441 834 2481 Celavitque
846 2442 900 2472 sub
913 2442 990 2472 hunc
1004 2451 1119 2481 corpora
1132 2451 1212 2471 caesa
1225 2442 1327 2472 locum.
