2060 2848
684 284 861 319 GENTIS
885 281 1165 319 SCOTORUM,
1189 280 1279 312 LIB.
1303 279 1366 311 IX.
1663 274 1726 307 895

531 382 746 416 Catharinae
783 380 843 414 lib.
872 388 897 413 1.
960 376 1087 411 Edidit
1117 375 1248 409 Petrus
1276 373 1412 407 Paulus
1442 370 1628 415 Caporeua
1657 368 1726 402 Po-

532 441 702 479 tentinus,
721 444 757 472 et
774 437 967 471 laudarunt
983 433 1127 481 Eligius
1145 431 1398 470 Panhormius,
1421 429 1445 463 J
1447 429 1554 463 unius
1571 427 1724 461 Albinus

532 497 756 536 Termineus‚
770 495 954 529 Deodatus
968 493 1011 526 de
1025 491 1156 526 Sancta
1168 490 1270 530 Fide,
1286 488 1583 522 Bartholomaeus
1597 484 1726 519 Turris

533 555 767 594 Selinuntius,
784 552 874 587 Ant.
893 551 1055 585 Blandus
1073 549 1290 584 Cuchareus.
1335 545 1476 580 Prodiit
1494 542 1647 588 Neapoli
1664 552 1727 586 per

532 613 736 647 Antonium
753 612 797 645 de
813 609 837 644 J
838 610 975 644 ubenis.

382 671 523 706 Floruit
541 681 634 705 anno
653 677 840 704 MDXXXI.
858 666 1031 701 indicavit
1048 665 1201 699 eximius
1219 662 1456 701 concionator,
1470 658 1727 694 Franciscanae

288 714 289 717 Ἴ
336 735 370 763 et
388 730 463 774 ipse
480 727 720 774 professioniS,
739 726 785 760 R.
804 726 847 760 P.
866 724 1028 769 Raphael
1045 722 1294 757 Bononiensis.

723 837 1208 875 INGETHLINGENSIS.
1262 837 1345 873 744.

339 959 741 997 INGETmeGENffls,
760 955 1015 990 Benedictinus
1033 953 1238 993 monachus,
1265 957 1301 986 et
1326 930 1426 996 prior
1450 949 1547 984 illius
1570 947 1729 983 coenobii

337 1016 430 1060 quod
449 1028 470 1050 a
488 1015 524 1050 S.
543 1014 717 1049 Columba
734 1015 791 1048 vel
807 1013 992 1048 conditum
1017 1012 1074 1045 vel
1097 1013 1301 1055 reparatum
1320 1007 1544 1043 Coludiensis
1561 1005 1728 1051 prodidit,

339 1074 395 1107 vir
412 1074 493 1117 pius
511 1078 546 1107 et
565 1073 737 1112 eruditus,
756 1070 897 1115 scripsit

484 1130 539 1165 De
557 1129 698 1164 Natura
715 1129 852 1163 Avium
991 1126 1052 1161 lib.
1071 1134 1139 1160 XV.
1192 1125 1306 1159 Index
1324 1122 1555 1159 bibliothecae
1572 1120 1731 1165 Cupren-

533 1199 592 1222 Sis.

389 1244 555 1279 Florebat
572 1256 666 1279 anno
685 1253 775 1279 Dec.
794 1248 858 1278 aut
874 1242 1028 1277 circiter.

652 1355 1003 1392 INNOCENTIUS
1027 1354 1276 1389 DECANUS.
1331 1356 1413 1391 745.

343 1473 360 1506 Ι
366 1480 630 1506 xxocnxrms
647 1471 784 1511 scotus
802 1482 846 1505 ex
864 1470 1127 1505 camaldulensi
1153 1471 1343 1510 monach0,'
1363 1469 1527 1504 ecclesiae
1544 1467 1733 1503 Ravenna-

344 1531 390 1563 tis
416 1530 580 1568 decanus,
606 1540 738 1574 magna
762 1534 798 1562 et
822 1529 1029 1562 literaturae
1047 1527 1153 1567 fama,
1179 1533 1215 1561 et
1240 1528 1384 1572 pietatis
1410 1527 1576 1571 opinione
1601 1525 1734 1565 floruit,

344 1586 555 1620 Fortanerio
606 1586 868 1630 archiepiscopo
918 1584 1114 1619 virtutibus
1165 1586 1378 1625 carissimus,
1425 1585 1482 1619 cui
1529 1596 1551 1618 a
1593 1585 1734 1618 secretis

343 1644 413 1678 fuit
459 1645 497 1677 in
548 1643 735 1689 collegium
776 1643 978 1687 principum
1020 1647 1301 1687 purpuratorum
1343 1643 1478 1682 ascito3
1522 1653 1562 1676 ac
1602 1647 1734 1688 postea,

343 1701 461 1735 nescio
478 1712 550 1746 qua
567 1701 760 1740 occasione,
777 1701 823 1734 ad
848 1711 968 1746 regem
994 1699 1192 1734 Galliarum
1217 1700 1358 1740 missus,
1384 1700 1551 1734 Lutetiae
1574 1701 1734 1735 excessit.

344 1759 494 1803 Scripsit

460 1834 467 1840 ·
492 1815 625 1850 Contra
643 1814 893 1850 Schismatioos
1026 1815 1087 1849 lib.
1108 1824 1133 1849 1.
1186 1815 1355 1850 Meminit
1372 1815 1591 1850 Rambaldus
1610 1816 1736 1850 Ferra-

540 1874 678 1907 riensis.

394 1930 495 1964 Vixit
513 1942 606 1964 anno
625 1939 804 1964 Mcccnx.
822 1936 858 1964 et
875 1930 1036 1964 ulterius.

686 2044 901 2079 THOMAS
926 2044 950 2078 J
952 2044 1257 2080 EDBURGIUS.
1310 2049 1333 2083 7
1336 2044 1393 2080 4-6.

348 2160 525 2194 THOMAS
550 2159 780 2206 Jedburgius,
804 2161 891 2200 sive,
914 2165 956 2194 ut
981 2161 1052 2200 alii,
1080 2159 1301 2200 Jedwodius‚
1329 2160 1597 2201 Framiscanus,
1626 2172 1733 2206 supra

348 2223 498 2251 aetatem
517 2223 551 2251 et
569 2217 824 2261 professionem
850 2218 984 2252 ordinis
1010 2218 1048 2252 in
1074 2219 1224 2252 seculari
1252 2219 1439 2253 literatura
1463 2219 1599 2259 doctus,
1626 2220 1734 2264 scrip-

347 2277 404 2315 sit,
423 2276 575 2322 eleganti
594 2287 711 2314 versu,

495 2332 786 2378 Deplorationem
806 2333 948 2367 Patriae
998 2333 1058 2368 lib.
1079 2343 1103 2368 1.
1148 2333 1310 2378 Apparet
1328 2334 1521 2380 Anglicum
1540 2335 1669 2369 bellum
1692 2335 1734 2368 ab

546 2402 586 2425 eo
604 2390 734 2425 defleri.
787 2390 954 2425 Meminit
972 2391 1078 2426 index
1096 2391 1326 2426 bibliothecae
1344 2391 1548 2436 Cupi-ensis.
