2060 2848
347 285 388 318 67
391 285 411 315 4
734 283 967 316 HISTORIA
990 282 1366 316 ECCLESIASTICA

350 380 525 426 profugus
554 380 592 413 in
621 379 775 414 Scotiam
806 379 924 419 rediit,
954 378 1017 413 ubi
1047 378 1199 413 Isabella
1229 378 1422 419 Gordonia,
1451 388 1495 412 ex
1521 388 1592 423 qua
1617 378 1748 413 liberos

350 442 486 483 septem
508 439 714 478 sustulerat,
729 437 928 482 repudiata,
942 437 1049 472 aliam
1063 436 1095 470 ei
1108 436 1370 481 superinduxit,
1385 440 1419 470 et
1437 436 1476 470 in
1490 435 1671 482 Belgium,
1685 448 1747 470 an-

349 501 408 531 tea
434 496 512 542 jam
547 496 687 529 sceleris
718 495 948 529 abominandi
983 495 1121 540 asylum
1153 494 1407 540 excogitatum,
1442 504 1479 527 se
1508 494 1652 538 recepit,
1683 494 1746 528 ubi

349 553 426 588 Deo
458 553 598 587 vindice
628 552 778 586 ducente
808 551 1010 597 Ultrajecti,
1042 555 1085 585 ut
1115 551 1233 592 audio,
1265 555 1405 586 turmae
1435 552 1572 591 ductor,
1614 552 1748 586 violato

350 615 491 656 praeter
521 610 607 656 jura
641 609 725 643 belli
756 610 937 649 colonello,
970 609 1070 653 equis
1101 614 1257 653 quatuor
1286 613 1340 642 est
1373 609 1577 650 distractus,
1614 620 1746 653 poenas

344 669 463 715 justas
493 668 576 701 licet
603 668 731 701 dilatas
762 671 798 700 et
823 677 919 699 seras
944 665 1033 706 Deo,
1058 670 1219 705 naturae,
1243 666 1349 709 patri,
1372 666 1547 711 justitiae,
1573 667 1642 700 toti
1667 667 1745 701 orbi

349 726 553 760 sustinens:
582 722 734 758 Isabella
751 727 871 756 autem
890 722 1033 767 conqu‚
1053 723 1197 766 impura
1210 723 1271 756 illa
1290 722 1429 763 Medea,
1444 733 1525 757 cum
1543 723 1664 757 liberis
1683 725 1746 759 diu

348 785 453 828 inope
479 783 555 816 vita
581 782 732 815 tolerata
757 780 836 813 diro
862 780 947 813 novi
971 779 1087 814 morbi
1119 780 1280 814 cruciatu
1309 781 1442 814 dicitur
1471 781 1658 821 exstincta,
1682 792 1747 816 nec

347 852 392 875 ex
413 846 488 875 tam
512 838 667 874 nefanda
691 837 858 883 prosapia
884 837 1077 882 quicquam
1106 843 1249 882 praeter
1277 838 1510 873 execrandam
1538 840 1747 874 memoriam

348 902 520 943 superest.

396 955 600 991 Secundum
629 954 695 988 has
725 952 955 998 parricidales
986 954 1111 989 turbas
1139 953 1298 989 Thomas
1324 955 1461 989 decimo
1487 955 1614 990 aetatis
1641 966 1746 996 anno,

347 1015 450 1060 quasi
477 1013 618 1058 inopiae
644 1016 679 1045 et
702 1011 867 1045 fortunae
895 1011 1050 1046 ludribio
1076 1017 1291 1054 reservatus,
1319 1013 1486 1047 hortante
1516 1012 1655 1047 Joanne
1685 1024 1747 1058 pa-

346 1078 440 1112 truo,
464 1081 652 1105 causarum
681 1068 898 1114 Edimburgi
925 1069 1053 1103 celebri
1074 1075 1237 1114 patrono,
1264 1071 1380 1104 solum
1405 1071 1524 1110 vertit,
1552 1076 1588 1105 et
1610 1070 1747 1117 Anglia

347 1133 500 1165 lustrata
529 1128 568 1161 in
597 1126 866 1172 Cantabrigiam
898 1127 1008 1167 venit,
1040 1128 1102 1161 ubi
1131 1128 1168 1161 in
1198 1129 1280 1161 aula
1306 1127 1556 1162 Pembrocensi
1583 1129 1649 1163 sub
1673 1140 1746 1163 mo-

346 1187 527 1222 deramine
550 1186 596 1219 D.
619 1184 757 1218 Whalii
783 1184 994 1228 aliquandiu
1018 1185 1180 1225 studuit3
1213 1186 1296 1218 inde
1322 1186 1504 1231 digressus
1529 1186 1567 1219 in
1593 1186 1747 1221 Galliam

347 1256 491 1280 cursum
517 1242 659 1282 direxit,
693 1246 728 1275 et
757 1240 961 1275 Bononiam
993 1242 1153 1287 appulit:
1181 1247 1258 1277 erat
1279 1243 1356 1288 jam
1383 1243 1508 1288 hyems
1535 1245 1743 1288 asperrima,

346 1309 382 1338 et
412 1302 576 1336 Caletum
606 1310 679 1334 non
709 1299 824 1332 multo
854 1303 937 1333 ante
972 1304 1131 1344 tempore
1165 1300 1210 1334 ab
1246 1300 1411 1345 Hispano
1446 1302 1745 1347 expugnabatur3

345 1372 456 1406 quare
485 1370 549 1394 nec
579 1362 683 1404 grata
712 1357 750 1390 in
780 1356 929 1390 urbibus
960 1367 1071 1398 mora,
1102 1369 1166 1392 nec
1193 1369 1358 1392 securum
1385 1358 1455 1393 iter
1485 1359 1554 1392 viis
1579 1360 1663 1393 nive
1689 1360 1747 1394 ob-

346 1419 473 1460 ductis,
505 1421 539 1451 et
570 1415 718 1451 armatis
749 1425 813 1458 per
839 1426 944 1460 agros
971 1416 1205 1450 volitantibus
1233 1427 1273 1450 ac
1301 1417 1405 1451 calles
1436 1427 1558 1451 omnes
1585 1417 1748 1451 obsiden-

345 1478 454 1518 tibus,
486 1475 616 1521 quibus
646 1473 738 1507 nihil
768 1472 916 1506 territus
945 1473 984 1507 in
1014 1474 1111 1508 viam
1141 1485 1179 1508 se
1209 1474 1318 1515 dedit,
1346 1479 1381 1509 et
1407 1486 1428 1509 a
1454 1474 1568 1509 Gallis
1599 1476 1746 1520 quibus-

347 1537 429 1570 dam
457 1533 632 1569 militibus
662 1530 823 1575 pecuniis
854 1532 1038 1575 spoliatus,
1077 1532 1237 1566 vestibus
1276 1536 1417 1573 exutus,
1452 1533 1647 1567 semivivus
1683 1535 1745 1568 vix

348 1592 605 1628 Monstrolium
636 1599 717 1623 cum
748 1588 955 1634 paedagogo
986 1590 1114 1630 tenuit,
1145 1590 1208 1624 ubi
1238 1595 1418 1624 recreatus
1453 1591 1497 1624 ab
1531 1591 1747 1625 humanissi-

348 1663 408 1686 mo
433 1650 597 1684 Waltero
623 1647 767 1692 Brusio,
795 1647 833 1680 in
858 1647 998 1692 legione
1021 1647 1225 1681 Lanovensi
1243 1652 1383 1682 turmae
1404 1648 1561 1688 ductore,
1589 1648 1746 1683 Parisios

349 1714 492 1745 secutus
530 1712 736 1753 quaestores
776 1707 948 1742 militares
982 1705 1132 1750 appulit,
1168 1715 1250 1739 cum
1284 1705 1322 1739 in
1356 1706 1484 1740 itinere
1518 1706 1746 1753 paedadogus

347 1768 503 1803 obiisset.

396 1825 468 1858 Hic
494 1824 633 1869 magnis
660 1823 837 1858 beneficiis
863 1820 1013 1856 Joannis
1040 1820 1197 1855 Fraserii
1223 1822 1377 1867 cognati,
1407 1821 1532 1856 Jacobi
1563 1822 1682 1864 Lethi‚
1711 1828 1746 1857 et

347 1882 492 1928 Georgii
528 1881 715 1926 Galloway
743 1880 971 1926 popularium
1006 1878 1204 1919 devinctus,
1240 1880 1284 1913 de
1319 1880 1447 1913 studiis
1482 1881 1640 1926 cogitare
1670 1892 1745 1915 coe-

345 1942 410 1985 pit,
439 1951 521 1973 cum
551 1940 627 1973 lues
660 1939 839 1973 horrenda
873 1942 952 1972 orta
977 1936 1113 1970 scholas
1141 1937 1375 1977 auditoribus,
1405 1937 1530 1972 urbem
1557 1938 1670 1982 ipsam
1698 1940 1746 1972 ci-

344 1998 449 2032 vibus
483 1997 662 2041 spoliavit,
699 2007 738 2030 ac
774 1995 954 2030 Thomam
990 1994 1183 2038 corripiens
1214 1995 1259 2028 ad
1289 1995 1454 2040 cymbam
1484 2006 1597 2040 paene
1631 2007 1744 2041 usque

347 2055 539 2090 Charontis
572 2054 732 2088 deduxit.
799 2053 867 2087 Sed
897 2056 997 2097 peste
1028 2052 1261 2086 extuberante
1292 2058 1467 2093 servatus,
1502 2053 1540 2086 in
1575 2053 1743 2100 Belgium

345 2124 470 2148 cursus
502 2112 707 2153 destinavit,
741 2116 873 2151 tutum,
904 2114 946 2144 ut
979 2109 1136 2151 rebatur,
1173 2115 1228 2145 tot
1262 2111 1424 2145 laborum
1460 2111 1498 2144 in
1533 2111 1594 2145 illa
1628 2116 1744 2147 aetate

344 2176 514 2216 portum;
560 2169 684 2204 Gallus
725 2169 981 2214 Hispanusque
1020 2168 1126 2202 urbes
1167 2173 1203 2202 et
1246 2169 1525 2214 propugnacula,
1568 2180 1744 2215 agrosque

344 2230 449 2274 ipsos,
478 2229 656 2270 tenebant,
687 2229 793 2263 villae
819 2231 977 2267 exustae,
1005 2227 1093 2272 agri,
1124 2227 1261 2261 cultore
1288 2227 1439 2267 viduati,
1460 2226 1538 2272 jam
1564 2228 1741 2272 squalidi3

343 2293 463 2322 tamen
511 2287 670 2322 Roberto
718 2286 823 2320 Moro
871 2285 1000 2319 comite
1055 2295 1114 2318 eas
1166 2284 1350 2330 angustias
1395 2283 1499 2318 facile
1546 2286 1741 2329 superavit.

345 2345 500 2380 Lovanii
533 2344 719 2380 Scotorum
754 2348 830 2378 erat
868 2342 1080 2389 Collegium,
1124 2346 1160 2376 et
1204 2341 1332 2376 Justus
1373 2341 1520 2387 Lipsius
1556 2342 1742 2387 profiteba-
