2060 2848
324 286 388 318 678
705 284 942 318 HISTORIA
966 284 1341 319 ECCLESIASTICA

326 386 360 415 et
386 381 457 415 alio
478 379 602 414 eodem
628 379 837 425 insequente
857 392 952 416 anno
973 381 1100 415 itinere
1126 380 1271 421 directo,
1298 379 1412 414 literis
1435 379 1543 414 etiam
1567 391 1607 415 ac
1632 392 1723 415 com-

324 443 456 479 meatu,
471 449 526 472 res
543 442 726 482 utcunque
743 438 862 483 potuit
884 439 923 472 in
942 438 1133 473 Britannia
1150 438 1326 472 stabilivit
1343 437 1514 482 privatas.
1559 437 1611 472 Et
1628 449 1723 472 nunc

327 496 468 542 magnis
486 495 651 530 fortunae
671 497 898 530 novet-cantis
917 496 1060 542 injuriis
1085 497 1307 536 colluctatus,
1333 495 1427 529 Pisis
1449 495 1621 530 ordinarii
1645 506 1726 540 pro-

328 554 473 588 fessoris
490 558 610 598 partes
627 554 763 598 implet.
815 553 966 588 Utinam
984 554 1166 587 hactenus.

375 610 411 645 V
412 611 571 645 erbosius
589 611 676 645 haec
694 615 822 652 tecum,
842 612 892 645 mi
910 613 1031 651 lector,
1056 621 1165 654 quam
1187 610 1358 653 oportuit,
1382 609 1444 643 sed
1470 610 1663 645 amicorum
1690 611 1727 644 id

327 668 397 702 fuit
406 668 594 714 judicium.
620 668 762 713 Scripta
771 679 862 708 mea,
876 668 907 702 si
920 672 1040 702 tamen
1053 667 1145 703 tanti
1157 666 1301 710 putabis
1312 677 1399 707 esse,
1410 666 1497 701 haec
1508 671 1604 707 sunt,
1617 679 1728 712 quan-

328 731 406 759 tum
423 725 584 759 continui
601 726 727 764 morbi,
745 729 781 758 et
798 725 1009 768 plerumque
1018 723 1185 763 lethales,
1199 723 1428 767 locorumque
1442 723 1593 757 subinde
1606 724 1729 758 crebra

326 783 490 822 mutatio,
509 787 572 816 aut
590 782 707 816 labilis
726 781 898 815 memoria
914 781 1116 825 patiuntur.

376 840 561 884 Epistulae
579 840 624 873 ad
643 850 801 873 summos
820 838 1011 873 Pontifices
1028 838 1248 872 Clementem
1262 837 1368 873 VIII.
1387 837 1541 873 Paulum
1561 839 1606 874 V.
1625 840 1686 875 lib.
1703 850 1728 874 1.

378 897 564 942 Epistolae
582 897 627 931 ad
646 896 842 941 Principes,
862 896 1018 943 Magnae
1037 895 1248 931 Britanniae
1272 895 1409 943 Regem
1426 895 1611 937 Jacobum,
1633 908 1732 944 mag-

426 966 514 988 num
551 954 746 989 Hetruriae
780 954 919 988 Ducem
954 954 1137 994 Cosmum,
1168 953 1300 988 Urbini
1330 953 1466 988 Ducem
1498 953 1729 990 Franciscum

427 1013 594 1053 Mariam,
614 1012 819 1057 Principem
837 1012 990 1053 Massae,
1010 1012 1072 1046 lib.
1092 1021 1118 1046 1.

377 1070 562 1116 Epistolae
580 1070 624 1104 ad
640 1070 820 1104 illustriss.
839 1069 874 1103 S.
894 1070 1078 1104 Romanae
1096 1069 1277 1104 Ecclesiae
1294 1069 1515 1110 Cardinales,
1526 1069 1729 1105 Antonium

427 1128 583 1162 Mariam
614 1126 770 1168 Gallum,
804 1127 1028 1162 Fridericum
1058 1127 1330 1167 Borromaeum‚
1362 1126 1562 1161 Robertum
1592 1127 1729 1162 Bellar·

426 1186 579 1225 minum,
604 1185 753 1219 Petrum
770 1184 1096 1225 Aldrobandinum,
1120 1184 1369 1218 Alexandrum
1391 1183 1595 1226 Estensem,
1621 1185 1730 1220 Joan-

425 1254 508 1277 nem
530 1242 735 1287 Baptistam
761 1242 906 1283 Detum‚
932 1241 1133 1287 Scipionem
1157 1242 1413 1288 Burghesium,
1438 1241 1616 1276 «Ioannem
1640 1242 1729 1278 Gar-

424 1301 514 1335 siam
552 1300 753 1340 Mellinum,
789 1299 1017 1334 Bonifacium
1051 1300 1277 1346 Cajetanum,
1320 1299 1344 1333 J
1346 1311 1498 1334 oannem
1541 1300 1729 1340 Bonsium,

422 1357 615 1403 Aloysium
643 1357 854 1403 Caponium,
883 1357 1094 1402 Philippum
1122 1357 1407 1397 Philonardium,
1435 1357 1635 1403 Scipionem
1662 1357 1730 1392 Co-

424 1415 625 1456 bellutium,
644 1415 862 1449 Mauritium
881 1426 903 1449 a
919 1415 1109 1456 Sabaudia,
1135 1415 1304 1450 Carolum
1327 1413 1562 1456 Medicaeum,
1589 1415 1729 1450 Julium

427 1472 618 1514 Sabellum,
638 1484 660 1507 a
677 1473 807 1517 quibus
824 1473 1079 1518 responsiorias
1097 1473 1215 1514 habet,
1234 1473 1295 1508 lib.
1316 1482 1342 1508 1.

377 1529 563 1575 Epistolae
597 1531 641 1565 ad
677 1530 894 1575 Maphaeum
933 1530 1183 1570 Barberinum‚
1222 1529 1362 1565 Scotiae
1398 1530 1653 1571 protectorem,
1694 1535 1727 1564 et

426 1587 671 1622 Maecenatem
690 1599 807 1627 suum,
826 1588 887 1622 lib.
907 1597 933 1622 1.

378 1645 672 1691 Tragicomoedia
690 1645 961 1680 Maximilianus
978 1646 1039 1680 lib.
1060 1656 1085 1680 1.

378 1702 580 1748 Tragoedia
598 1702 870 1737 Maximilianus
888 1703 949 1737 lib.
970 1713 995 1738 1.
1047 1703 1161 1738 Duaci
1181 1707 1270 1744 acta,
1288 1703 1422 1748 scripta
1440 1715 1461 1737 a
1478 1713 1600 1747 puero.

379 1759 582 1806 Tragoedia
599 1759 723 1794 Stilieo
740 1760 802 1794 lib.
825 1769 850 1794 1.
902 1760 1171 1796 Sammaxentii.

379 1817 581 1863 Tragoedia
598 1817 869 1852 Decemviratus
888 1818 1079 1864 abrogatus
1098 1819 1158 1852 lib.
1180 1827 1206 1852 1.
1258 1818 1436 1852 Lutetiae.

378 1874 664 1919 Epithalamium
685 1874 905 1909 Marchionis
925 1875 1208 1922 Brandeburgici
1226 1876 1287 1910 lib.
1308 1885 1334 1910 Ι.
1386 1876 1627 1911 Francofurti.

380 1932 665 1977 Epithalamium
684 1932 913 1967 vicecomitis
934 1933 1147 1967 Hadintonii
1165 1933 1226 1968 lib.
1247 1943 1272 1967 1.
1324 1933 1494 1968 Londini.

381 1990 623 2036 Panegyricus
643 1989 819 2024 Clementi
836 1989 943 2024 VIII.
962 1990 1128 2025 Pontifici
1146 1991 1206 2026 lib.
1228 2000 1253 2024 1.
1306 1990 1454 2026 Romae.

382 2047 625 2094 Panegyricus
645 2047 759 2082 Paulo
777 2046 823 2081 V.
842 2047 1008 2083 Pontifici
1026 2049 1087 2083 lib.
1108 2058 1133 2082 1.
1186 2049 1333 2083 Romae.

383 2105 626 2151 Panegyricus
643 2105 668 2139 J
670 2105 777 2139 acobo
795 2104 978 2147 Vassorio‚
997 2106 1191 2141 Parisiensi
1210 2106 1368 2147 Rectori,
1391 2106 1452 2141 lib.
1473 2116 1499 2141 1.
1550 2106 1729 2142 Lutetiae.

379 2162 636 2207 Expostulatio
671 2174 751 2196 cum
788 2162 906 2197 Musis
937 2169 973 2198 et
1001 2164 1135 2199 Senatu
1165 2163 1385 2205 Aremorico,
1416 2165 1502 2199 dum
1531 2165 1728 2199 custodiam

431 2232 516 2254 suae
534 2221 757 2255 innocentiae
774 2221 871 2255 ultro
888 2221 1034 2262 subivit,
1052 2222 1114 2257 lib.
1134 2231 1159 2256 1.
1212 2222 1396 2257 Nemausi.

382 2278 626 2324 Panegyricus
642 2277 667 2311 J
669 2278 777 2312 acobo
796 2277 951 2325 Magnae
969 2278 1179 2314 Britanniae
1199 2280 1291 2326 Regi
1309 2280 1370 2315 lib.
1391 2289 1416 2314 1.
1468 2279 1637 2315 Londini.

383 2335 570 2369 Divinatio
587 2336 634 2369 ad
653 2335 788 2382 Regem
807 2335 867 2369 lib.
888 2344 913 2370 1.
965 2335 1134 2371 Londini.

384 2392 511 2427 Strena
530 2392 674 2427 calend.
692 2392 801 2428 Janu.
820 2392 953 2429 Jacobo
977 2393 1072 2429 Haio
1095 2394 1307 2431 Vicecomiti
1330 2395 1588 2430 Duncastrensi
1623 2395 1683 2429 lib.
1705 2405 1728 2429 1.

434 2450 601 2485 Londini.
