2060 2848
703 279 879 312 GENTIS
903 280 1178 321 SCOTORUM‚
1202 282 1292 316 LIB.
1316 283 1416 315 XIX.
1689 283 1749 315 661

370 373 451 408 ficili
469 373 581 408 officio
599 384 636 407 se
653 374 775 419 gessit.
828 372 976 418 Scripsit

514 429 695 474 Epistolas
713 431 758 464 ad
776 430 911 474 Papam
928 429 1173 466 Alexandrum
1345 433 1406 467 lib.
1427 443 1453 467 1.

516 486 577 520 Ad
594 485 771 520 Ecclesias
789 486 943 521 Scoticas
961 491 997 521 et
1015 487 1225 523 Hibernicas
1349 490 1410 524 lib.
1430 499 1456 524 1.

514 541 667 577 Decreta
684 542 932 578 Ecclesiastica
1349 546 1410 581 lib.
1430 555 1456 580 1.

418 599 553 634 Missus
581 604 633 634 est
656 599 809 634 Romam
832 611 926 635 anno
950 610 1096 636 MCLIX.
1121 608 1289 647 sequente
1312 614 1405 638 anno
1427 605 1566 650 legatus
1588 606 1751 650 apostoli-

368 668 429 691 cus
443 657 682 692 renunciatus.
727 657 827 692 Obiit
840 669 934 692 anno
949 667 1094 693 MCLXI.
1134 659 1286 694 Scotich.
1301 661 1363 695 lib.
1377 670 1468 695 VIII.
1481 672 1555 706 cap.
1571 670 1626 695 VI.
1666 661 1749 696 Suc-

368 715 471 749 cessit
500 714 532 748 ei
563 714 600 748 in
631 715 819 760 legationis
849 725 996 749 munere
1023 715 1206 751 Arnoldus
1231 716 1267 751 S.
1294 717 1459 753 Andreae
1485 719 1678 763 episcopus,
1705 719 1749 753 ab

368 771 573 806 Alexandro
591 770 662 807 ΙΙΙ.
680 771 919 807 confirmatus.
972 771 1110 807 Eodem
1130 773 1190 808 lib.
1209 785 1284 819 cap.
1303 783 1374 808 vn.

787 944 1104 981 WILHELMUS
1129 945 1175 981 E.
1228 949 1333 985 1179.

368 1060 635 1094 WVILHELMUS
653 1060 849 1105 episcopus,
869 1059 1119 1095 Brechinensis
1136 1062 1298 1096 ecclesiae
1315 1061 1479 1102 decanus,
1498 1066 1519 1082 ‘⁴
1533 1063 1589 1097 vir
1601 1073 1663 1107 per
1676 1074 1748 1097 om-

367 1118 428 1153 nia
441 1118 640 1158 laudabilis,
655 1118 715 1152 sed
727 1128 854 1152 raucae
867 1117 991 1152 vocis.”
1017 1117 1303 1153 Scotichronicon
1317 1118 1377 1152 lib.
1393 1127 1433 1152 X.
1447 1130 1522 1164 cap.
1534 1128 1639 1153 xxn.
1667 1120 1749 1161 Hic,

368 1175 501 1209 Albino
519 1175 681 1219 episcopo
699 1179 851 1215 mortuo,
869 1186 891 1209 a
908 1176 1000 1210 clero
1017 1176 1200 1220 episcopus
1218 1176 1358 1216 electus,
1382 1176 1444 1220 qui
1467 1177 1619 1222 gratiam
1642 1178 1749 1224 legati

368 1232 552 1272 ottoboni,
569 1232 673 1276 siqua
689 1232 728 1266 in
746 1243 787 1266 eo
803 1232 1039 1277 superfuerat,
1062 1232 1101 1266 in
1122 1231 1292 1278 Angliam
1314 1233 1403 1267 adiit
1425 1233 1468 1267 de
1491 1235 1751 1269 consecratione

367 1289 556 1333 petiturus,
582 1289 645 1324 ubi
670 1289 761 1323 nihil
786 1288 983 1334 proficiens,
1008 1289 1070 1324 sed
1094 1290 1196 1334 quasi
1222 1300 1302 1323 cum
1320 1290 1564 1336 indignatione
1585 1292 1748 1337 rejectuS,

368 1346 503 1380 curiam
533 1346 733 1381 Romanam
760 1346 884 1386 adivit,
910 1350 946 1381 et
970 1346 1014 1380 de
1039 1347 1298 1382 consecratione
1324 1347 1475 1381 faciliter
1497 1358 1534 1382 se
1557 1348 1748 1393 expedivit.

367 1403 516 1448 Scripsit

514 1460 650 1495 Contra
667 1461 888 1496 ottobonum
906 1462 952 1496 ad
968 1461 1104 1506 Papam
1352 1462 1412 1496 lib.
1433 1471 1459 1496 1.

514 1517 570 1552 De
587 1517 744 1553 Scoticae
762 1518 940 1553 Ecclesiae
957 1518 1144 1564 Dignitate
1351 1519 1412 1554 lib.
1432 1528 1457 1553 1.
1481 1529 1569 1564 opus
1590 1530 1747 1560 aureum,

564 1580 600 1610 et
616 1576 812 1620 plurimum
830 1575 1093 1610 Scotichronico
1109 1576 1305 1610 laudatum.

417 1632 563 1667 Electus
590 1637 644 1667 est
669 1644 763 1667 anno
790 1641 991 1667 MCCLXVI.
1042 1632 1171 1667 Nescio
1196 1644 1243 1667 an
1268 1632 1327 1667 ille
1352 1633 1445 1667 idem
1471 1633 1518 1668 sit
1538 1633 1750 1667 Wilhelmus

368 1691 498 1724 electus
524 1689 786 1729 Brechinensis,
812 1689 885 1734 qui,
911 1695 1101 1734 postquam
1126 1690 1189 1724 diu
1213 1690 1251 1724 in
1279 1690 1377 1725 curia
1402 1690 1565 1725 Romana
1590 1695 1746 1731 steterat,

368 1747 498 1781 ibidem
532 1751 697 1781 mortuus
731 1751 785 1781 est
818 1746 886 1780 sub
918 1757 1053 1780 annum
1088 1755 1321 1782 MchXXIV.
1379 1746 1516 1782 Eodem
1551 1747 1640 1781 libro
1674 1757 1748 1791 cap.

368 1812 517 1837 xxxw.

754 1916 1071 1951 WILHELMUS
1095 1915 1141 1950 Ε.
1168 1916 1209 1950 C.
1262 1918 1366 1950 1180.

369 2032 636 2066 lV1LHELMUS
676 2031 859 2066 Moraviae
892 2032 1088 2076 episcopus,
1128 2030 1229 2077 regni
1269 2030 1507 2070 cancellarius,
1537 2041 1579 2064 ac
1610 2034 1749 2074 aposto-

371 2091 456 2124 licae
483 2090 575 2124 sedis
606 2090 743 2135 legatus
769 2100 833 2134 per
858 2089 1011 2123 Scotiam
1038 2093 1072 2122 et
1100 2087 1321 2128 Hiberniam,
1349 2087 1536 2121 cardinalis
1561 2088 1668 2122 etiam
1697 2098 1752 2121 re·

369 2148 558 2182 nunciatus
588 2146 633 2180 ab
662 2145 827 2192 Eugenio
857 2145 927 2180 111.
959 2146 1171 2190 impetrante
1200 2144 1391 2179 Malcolmo
1417 2143 1481 2179 1V.
1511 2155 1605 2191 rege,
1635 2148 1678 2178 ut
1706 2155 1750 2178 ex

371 2204 632 2239 Scotichronico
649 2204 776 2249 colligo
792 2203 853 2237 lib.
874 2211 928 2236 vl.
946 2213 1021 2247 cap.
1040 2210 1171 2236 XXXV.
1194 2202 1257 2236 ubi
1280 2202 1338 2235 ille
1361 2201 1563 2236 Arnoldum
1586 2200 1750 2236 Calcoen-

372 2273 443 2295 sem
472 2261 633 2296 abbatem
665 2261 703 2294 in
732 2261 934 2305 episcopum
962 2259 999 2293 S.
1028 2259 1194 2294 Andreae
1223 2264 1412 2294 consecrat.
1468 2258 1606 2304 Scripta
1635 2257 1680 2292 ab
1710 2268 1750 2292 eo

371 2320 523 2364 plurima
541 2319 734 2364 perierunt,
752 2318 813 2352 sed
831 2318 946 2363 apices
963 2320 1097 2352 extant.
