2060 2848
680 332 855 366 GENTIS
880 332 1155 371 SCOTORUM‚
1180 332 1269 365 LIB.
1295 333 1376 365 XII.
1660 332 1723 363 487

689 483 915 518 JACOBUS
941 482 1223 517 MARTINUS.
1277 485 1361 520 923.

330 601 510 635 JAcosz
528 598 710 633 Martinus
736 598 1011 638 Dunkeldensis,
1038 597 1204 631 Lutetiae
1230 597 1451 632 Parisiorum
1476 597 1719 642 philosophiae

330 657 507 702 professor
531 657 742 691 claritudine
768 656 903 702 ingenii
929 655 1141 695 admirabili,
1170 659 1292 699 postea
1318 656 1361 689 ad
1388 655 1598 701 Allobroges
1626 660 1719 689 tran-

331 716 423 749 siens
457 714 718 760 philosophiam
751 713 941 759 Augustae
972 712 1215 746 Taurinorum
1250 713 1364 757 coepit
1395 713 1516 746 eadem
1552 712 1720 747 felicitate

331 773 464 807 docere.
516 771 635 806 Multa
652 771 763 805 edidit
779 771 951 805 relatione
969 770 1189 815 dignissima,
1209 770 1297 803 mihi
1315 781 1494 815 perpauca
1506 771 1625 804 videre
1640 781 1719 804 con-

332 830 451 875 tingit.

479 886 522 920 In
540 886 667 920 Artem
687 884 882 919 Memoriae
1108 885 1166 918 lib.
1186 894 1210 918 1.
1264 884 1438 918 Lutetiae.

480 943 535 977 De
553 944 668 987 prima
685 942 898 985 simplicium
925 946 961 975 et
986 947 1230 975 concretorum
1260 942 1456 986 Corporum
1483 942 1717 976 Generatione

528 1001 589 1034 lib.
617 1009 643 1034 1.
695 999 860 1033 Taurini.
908 997 1097 1033 Dedicavit
1125 999 1352 1044 Hieronymo
1379 999 1533 1040 Ruvere,
1554 999 1725 1044 archicpi-

528 1068 644 1101 scopo,

482 1115 538 1149 De
556 1113 809 1160 Intelligentiis
826 1113 1034 1147 motricibus
1107 1113 1168 1148 lib.
1189 1122 1214 1147 1.
1267 1113 1415 1153 Ibidem,
1442 1118 1477 1148 et
1503 1115 1616 1148 eidem
1635 1126 1723 1149 nun-

528 1177 710 1217 cupatum.

381 1230 491 1265 Venit
508 1230 665 1270 Parisios
683 1240 776 1264 anno
796 1236 927 1262 MDLV.
981 1227 1074 1264 Acta
1092 1229 1247 1263 nationis
1266 1229 1355 1263 inibi
1374 1228 1604 1263 Germanicae
1621 1229 1723 1263 MSS.

334 1289 378 1322 ad
403 1287 450 1322 D.
473 1287 604 1322 Cosmi.
657 1286 840 1321 Scribebat
867 1286 1019 1320 Taurini
1045 1297 1139 1320 anno
1166 1294 1378 1320 MDLxxvl.
1405 1287 1547 1331 quando
1573 1291 1636 1320 aut
1663 1286 1723 1320 ubi

335 1346 472 1385 obierit,
490 1356 562 1379 non
580 1344 747 1389 comperi.

657 1458 695 1493 S.
722 1458 1026 1493 MELLANIUS
1053 1458 1262 1493 PROBUS.
1314 1460 1397 1496 924.

337 1580 359 1594 ‘⁶
375 1574 411 1608 S.
432 1574 686 1609 MELLANIUS
708 1574 848 1608 Probus
873 1573 1032 1613 Scotus‚'’
1058 1573 1109 1606 ait
1134 1572 1317 1607 Antonius
1345 1573 1560 1608 Possevinus
1586 1573 1722 1618 Appar.

336 1632 432 1666 Sacr.
464 1643 546 1678 pag.
573 1640 787 1665 cnxxxul.
817 1631 937 1665 Verba
962 1630 1189 1664 Constantini
1220 1630 1344 1664 Ghinii
1375 1630 1539 1665 Senensis
1570 1637 1655 1665 sunt
1681 1642 1724 1664 ex

335 1690 526 1724 Natalibus
555 1689 769 1724 Sanctorum
799 1688 1085 1723 Canonicorum:
1113 1692 1134 1706 “
1153 1687 1370 1734 Rhotomagi
1398 1688 1433 1722 S.
1463 1689 1623 1722 Mellanii
1650 1690 1723 1733 epi·

336 1747 443 1791 scopi,
470 1747 532 1792 qui
550 1758 594 1780 ex
613 1746 745 1792 Majori
765 1746 955 1780 Britannia
976 1745 1134 1784 venienS,
1160 1745 1284 1779 videns
1303 1746 1473 1780 miracula
1491 1746 1534 1780 B.
1554 1747 1723 1791 Stephani

337 1813 458 1848 papae,
478 1815 670 1838 conversus
688 1805 731 1837 ad
751 1803 936 1837 Christum
954 1802 999 1836 ab
1022 1802 1143 1836 eodem
1170 1807 1291 1836 sancto
1317 1803 1491 1847 pontifice,
1519 1804 1723 1844 instructus,

338 1862 551 1905 baptizatus,
591 1866 627 1895 et
669 1861 816 1895 clericus
859 1864 893 1894 et
936 1860 1114 1905 gradatim
1161 1860 1322 1893 sacerdos
1365 1861 1559 1900 ordinatus,
1603 1861 1725 1895 divino

337 1920 479 1952 oraculo
513 1918 813 1963 Rhotomagensis
848 1918 1032 1961 episcopus
1065 1923 1289 1950 consecratus
1331 1916 1401 1951 fuit
1443 1929 1536 1951 anno
1577 1918 1722 1952 Domini

338 1980 471 2009 chv1.
524 1975 579 2009 Eo
598 1976 710 2021 igitur
726 1986 887 2020 pergens,
906 1974 999 2018 apud
1019 1973 1289 2008 Antisiodorum
1308 1974 1498 2015 hominem,
1525 1976 1585 2020 qui
1606 1976 1724 2020 bipen-

336 2033 374 2065 ni
392 2033 515 2076 pedem
534 2033 600 2067 sibi
620 2034 657 2066 in
675 2033 763 2066 duas
790 2037 908 2076 partes
926 2032 1107 2071 diviserat,
1134 2032 1237 2077 signo
1254 2032 1368 2065 crucis
1386 2033 1526 2066 sanavit
1541 2043 1550 2072 ;
1580 2034 1723 2067 veniens

338 2095 456 2124 autem
476 2090 749 2135 Rhotomagum,
762 2089 989 2133 praedicavit,
1016 2089 1310 2132 praedicationem
1335 2089 1515 2123 miraculis
1540 2090 1721 2124 confirma-

338 2148 403 2187 vit,
421 2159 462 2181 ac
480 2147 552 2181 fere
571 2152 686 2181 totum
707 2147 875 2191 populum
895 2146 1067 2180 convertit
1086 2146 1130 2179 ad
1149 2146 1344 2185 Christum,
1359 2147 1402 2180 ad
1417 2158 1519 2191 quem
1536 2152 1614 2191 post
1634 2149 1721 2182 mul-

338 2209 392 2237 tos
411 2205 546 2238 labores
572 2213 628 2238 xl.
647 2204 800 2238 calendis
820 2203 1033 2237 Novembris
1052 2204 1164 2236 laetus
1183 2204 1386 2248 migravit.''
1436 2204 1571 2238 Eadem
1595 2205 1723 2239 Petrus

338 2273 359 2294 a
377 2261 578 2301 Natalibus,
597 2262 780 2305 episcopus
799 2259 1054 2304 Equilinensis,
1075 2261 1134 2294 lib.
1155 2270 1211 2294 lx.
1239 2273 1314 2306 cap.
1334 2267 1451 2296 XCIII.
1477 2263 1539 2307 qui
1558 2263 1721 2298 baculum

339 2321 551 2364 pastoralem
587 2327 666 2352 eum
702 2318 747 2351 ab
781 2318 907 2363 angelo
940 2319 1113 2362 accepisse
1147 2319 1208 2358 ait,
1239 2320 1323 2352 dum
1358 2320 1502 2354 missam
1533 2322 1722 2355 celebranti

338 2377 519 2421 Stephano
545 2387 656 2421 papae
682 2376 880 2409 inserviret.
934 2374 1170 2409 Demochares
1189 2374 1386 2410 Mellonem
1413 2383 1538 2419 vocat3
1566 2379 1644 2412 aliis
1670 2384 1723 2413 est

338 2432 535 2469 Dlellonus.
586 2433 727 2468 Colitur
749 2438 867 2467 autem
885 2443 984 2467 sacra
1000 2433 1078 2479 ejus
1097 2435 1267 2469 memoria
1283 2434 1339 2469 die
1356 2443 1462 2470 xxu.
1481 2435 1657 2476 Octobris,
1684 2441 1724 2470 ut
