2060 2848
406 280 471 310 608
793 278 1027 312 HISTORIA
1051 279 1425 313 ECCLESIASTICA

410 374 470 408 lib.
494 382 565 408 vu.
595 372 733 409 Histor.
761 373 855 409 Scot.
881 374 920 408 in
947 374 1037 409 fine:
1069 379 1090 394 “
1109 374 1291 410 Palladius
1309 375 1508 410 Servanum
1526 376 1742 420 episcopum,
1762 377 1810 416 ad,

411 431 567 466 Orcades
586 431 721 466 insulas
739 432 889 467 missum
907 436 949 466 ut
965 433 1138 478 populum
1161 433 1285 468 rudem
1313 432 1520 468 Christiana
1544 434 1678 478 pietate
1704 434 1807 469 insti-

411 494 538 530 tueret,
565 490 710 531 creavit,
737 494 773 525 et
798 489 1017 531 Tervannm,
1044 501 1150 535 quem
1176 489 1350 525 infantem
1376 491 1524 525 lustrico
1542 492 1679 526 laverat
1696 491 1805 531 fonte,

411 547 595 582 Pictorum
613 547 917 593 archiepiscopum
936 548 1156 583 constituit.”
1208 547 1328 588 Hunc,
1347 548 1414 583 etsi
1434 548 1687 594 Martyrologii
1705 548 1808 583 tabu-

409 605 453 639 lis
483 615 556 639 non
585 605 791 651 ascriptum,
822 609 999 640 nostrates
1029 605 1197 651 religioso
1227 616 1368 650 semper
1397 606 1567 651 obsequio
1598 607 1806 645 coluerunt;

410 663 657 707 templumque
672 661 921 697 Abernetheae
942 662 1144 696 cathedrale
1166 662 1201 696 ei
1224 662 1394 703 dicatum,
1422 673 1462 697 ac
1488 664 1603 697 multa
1625 663 1695 697 alia
1712 663 1750 697 in
1768 674 1810 696 eo

409 730 530 767 regno.
584 719 734 764 Scripsit
784 719 1067 754 Exhortationes
1085 719 1131 753 ad
1149 719 1269 754 Pictos
1322 720 1382 754 lib.
1405 729 1428 754 1.

505 778 641 812 Contra
659 777 870 823 Pelagianos
895 776 957 811 lib.
978 785 1003 810 1.
1104 775 1283 810 Homilias
1301 788 1346 811 ex
1364 776 1472 811 Sacra
1489 777 1676 822 Scriptura
1701 778 1762 811 lib.
1783 787 1807 810 1.

455 834 596 869 Claruit
618 845 711 869 anno
741 842 913 868 CCCCXL.
965 833 1068 868 Obiit
1093 833 1352 875 Abernetheae,
1378 846 1471 879 quae
1496 835 1681 869 Pictorum
1699 835 1808 880 regia,

404 892 467 926 ubi
497 892 753 927 sacratissimas
782 891 860 937 ejus
891 892 1060 937 reliquias
1090 892 1202 926 totius
1233 892 1335 938 regni
1361 893 1515 937 populus
1546 892 1714 938 religiosa
1738 891 1807 925 fre-

405 950 635 995 quentatione
665 950 913 984 venerabatur.
980 949 1148 983 Meminit
1178 954 1213 983 et
1240 949 1378 984 Anton.
1409 949 1594 993 Possevim
1627 949 1806 994 Apparat.

405 1007 500 1042 Sacr.
520 1019 602 1054 pag.
622 1016 825 1042 CCLXVIII.

781 1123 817 1157 S.
845 1121 1165 1157 THOTNANUS
1191 1122 1271 1156 ΑΡ.
1327 1124 1434 1156 1108.

406 1240 440 1273 S.
459 1239 731 1279 THOTNANUS,
752 1237 969 1284 Peregrinus
992 1242 1238 1283 cognomento,
1256 1238 1332 1271 sive
1351 1236 1553 1277 Totnanus‚
1571 1237 1688 1271 socius
1706 1246 1804 1281 pere-

404 1297 618 1343 grinationis
653 1295 690 1330 S.
722 1295 870 1335 Kiliani,
902 1299 939 1329 et
968 1295 1135 1339 martyrii
1165 1295 1355 1339 particeps,
1395 1299 1437 1328 ut
1470 1294 1510 1328 in
1540 1294 1804 1340 Martyrologio

405 1354 569 1390 Romano
586 1353 738 1388 habetur
755 1353 812 1387 die
830 1361 920 1386 VIII.
938 1351 963 1385 J
964 1352 1041 1392 ulii,
1065 1363 1136 1396 quo
1154 1353 1370 1387 sanctissimi
1397 1353 1567 1397 martyris
1595 1353 1803 1387 memoriam

404 1413 549 1446 ecclesia
565 1411 698 1447 recolit.
752 1410 823 1444 Hic
841 1422 863 1444 a
879 1409 988 1444 Petro
1006 1409 1188 1444 Galesinio
1213 1409 1407 1450 Jomanus,
1436 1421 1458 1444 a
1484 1409 1674 1444 Francisco
1702 1410 1804 1444 Mau·

404 1471 524 1515 rolyco
542 1470 728 1504 Romanus
745 1468 887 1509 dicitur,
906 1468 975 1503 nisi
996 1472 1031 1502 et
1048 1467 1087 1501 hi
1105 1468 1238 1502 diversi
1255 1466 1367 1508 fuere,
1385 1479 1466 1502 cum
1484 1468 1546 1502 illo
1563 1468 1670 1512 passi.
1710 1468 1805 1502 Usu-

403 1529 511 1563 ardus
524 1538 605 1562 cum
615 1527 730 1567 sociis,
741 1536 831 1571 quos
842 1536 915 1560 non
927 1525 1104 1566 nominat,
1120 1536 1267 1570 passum
1285 1525 1420 1559 scribit.
1448 1524 1663 1570 Anonymus
1679 1531 1805 1559 auctor

402 1586 498 1631 apud
515 1585 661 1620 Surium
680 1588 766 1619 tom.
785 1592 841 1618 IV.
859 1584 916 1617 die
930 1583 1025 1618 dicto
1043 1587 1248 1619 constanter
1262 1582 1471 1617 Totnanum
1489 1583 1661 1616 nominat.
1709 1582 1803 1627 Ejus

402 1643 772 1677 commemorationem
802 1641 944 1686 reponit
970 1641 1008 1674 in
1034 1641 1128 1675 diem
1157 1649 1260 1674 XVII.
1289 1640 1414 1674 Martii
1441 1640 1655 1674 Artimanus
1681 1650 1802 1674 mona—

401 1700 488 1735 chus
507 1700 544 1734 in
562 1699 777 1739 Annalibus,
795 1703 831 1733 et
848 1709 892 1732 ex
910 1710 951 1732 eo
969 1698 1184 1732 Galesinius.
1238 1697 1388 1742 Scripsit

547 1756 642 1791 Acta
660 1756 797 1791 Kiliani
815 1756 982 1802 magistri
1288 1754 1349 1788 lib.
1372 1763 1397 1788 1.

449 1815 591 1849 Floruit
615 1825 709 1848 anno
735 1822 971 1848 DCLXXXIx.
1024 1812 1117 1847 Vide
1143 1823 1233 1856 quae
1261 1811 1298 1846 in
1326 1810 1361 1845 S.
1392 1811 1528 1845 Kiliani
1557 1811 1662 1845 rebus
1690 1812 1802 1844 relata

402 1877 486 1907 sunt
503 1885 524 1906 a
541 1883 598 1907 me
616 1883 726 1916 supra
742 1871 810 1906 hoc
827 1881 933 1915 opere
950 1870 1011 1904 lib.
1031 1879 1072 1903 x.

772 1986 808 2020 S.
836 1984 1159 2019 TOLMANNUS
1184 1984 1262 2019 ΑΡ.
1318 1986 1424 2022 1109.

399 2105 435 2137 S·
455 2102 722 2137 TOLMANNUS
745 2106 781 2136 et
803 2102 878 2146 ipse
902 2101 1018 2135 socius
1043 2100 1208 2146 martyrii
1235 2111 1315 2134 cum
1342 2099 1379 2134 S.
1404 2099 1561 2139 Kiliano,
1588 2109 1697 2143 supra
1723 2101 1798 2133 loco

400 2161 554 2195 laudato.
606 2159 665 2194 Sic
687 2160 819 2193 diserte
844 2169 927 2194 eum
952 2158 1115 2193 nominat
1140 2157 1346 2204 Sigebertus
1373 2156 1636 2191 Gemblacensis
1663 2156 1796 2191 Chron.

400 2218 442 2251 ad
462 2228 596 2252 annum
616 2225 801 2252 ncxcvn.
854 2215 1006 2261 Scripsit

546 2274 606 2309 Ad
623 2275 844 2310 Gozbertum
863 2285 972 2319 super
989 2273 1155 2319 Repudio
1172 2284 1253 2307 cum
1273 2272 1423 2307 Geilana
1540 2272 1601 2307 lib.
1623 2280 1647 2305 1.

448 2332 590 2367 Floruit
604 2343 697 2367 anno
712 2339 950 2367 DCLxxxlx.
968 2331 1038 2367 nisi
1055 2330 1147 2365 forte
1166 2330 1223 2364 hic
1235 2330 1329 2364 idem
1343 2335 1397 2364 est
1411 2341 1491 2364 cum
1503 2329 1698 2374 superiore,
1713 2340 1795 2363 nam
