2060 2848
680 292 856 326 GENTIS
880 289 1155 328 SCOTORUM‚
1180 289 1269 321 LIB.
1293 288 1358 321 XI.
1650 287 1713 317 443

376 390 478 425 Vivit
495 389 533 423 in
550 388 686 428 Galliis,
706 392 742 421 et
759 386 886 420 Musae
902 384 1086 429 praesidiis
1103 383 1355 429 relegationem
1373 383 1519 417 solatur.

638 498 971 536 LAURENTIUS
996 497 1264 533 LONDORIS.
1318 499 1400 531 822.

327 618 598 652 LAURENTIUS
616 615 804 656 Londoris,
825 614 931 649 abbas
950 612 1094 653 Sconae,
1111 614 1232 658 legum
1246 611 1425 656 professor
1437 612 1574 656 primus
1588 611 1626 644 in
1640 622 1714 644 aca-

327 675 444 710 demia
460 673 757 713 Sanctandreana,
785 677 806 692 “
823 671 1019 705 haereticae
1036 670 1225 716 pravitatis
1252 670 1473 715 inquisitor,’'
1499 668 1715 703 Scotichron.

328 733 388 767 lib.
408 740 494 766 XVI.
512 742 587 775 cap.
606 739 696 764 xlx.
715 741 787 764 una
805 740 885 763 cum
903 728 1071 769 Litstaer,
1090 739 1112 762 a
1129 727 1153 761 J
1154 728 1261 762 acobo
1279 727 1308 761 I.
1335 727 1510 762 invitatus
1533 737 1615 760 cum
1640 731 1718 760 octo

328 790 406 823 aliis
424 789 644 823 decretorum
662 786 931 831 professoribus,
949 790 991 819 ut
1008 790 1130 820 narrat
1149 784 1284 818 Hector
1311 784 1483 818 Boethius
1509 786 1584 819 loco
1610 795 1718 828 supra

329 847 489 890 proxime
507 846 662 884 laudato,
681 845 737 878 vir
754 855 902 889 magnae
919 842 1045 883 famae,
1063 842 1209 888 majoris
1227 842 1357 876 meriti.
1395 841 1532 882 Edidit,
1550 846 1592 876 ut
1610 846 1661 876 est
1680 841 1716 875 in

331 902 553 937 Bibliotheca
571 901 595 935 J
598 902 743 942 uridica,

477 958 532 993 De
550 959 745 998 Electione,
762 962 798 992 et
815 958 915 992 electi
934 958 1126 997 Potestate,
1398 957 1459 992 lib.
1479 966 1522 991 11.

480 1016 643 1050 Examen
682 1015 951 1049 Haereticorum
981 1014 1227 1055 Lolardorum,
1267 1025 1355 1059 quos
1391 1019 1466 1049 toto
1500 1026 1609 1061 regno
1643 1025 1721 1048 exe-

524 1073 590 1118 git,
1403 1072 1464 1105 lib.
1484 1081 1510 1106 1.

477 1130 686 1163 Processum
704 1129 803 1163 Petri
821 1128 932 1169 Krek,
954 1128 1231 1163 Haeresiarchae
1248 1127 1373 1175 Angli,
1398 1129 1459 1163 lib.
1480 1139 1505 1163 1.

380 1187 546 1221 Florebat
563 1197 657 1221 anno
676 1195 872 1221 Mcccexn

693 1301 925 1335 JOANNES
952 1299 1225 1335 LESLAEUS.
1279 1303 1362 1335 823.

333 1417 355 1449 J
359 1425 524 1451 OANNES
549 1416 716 1450 Leslaeus
742 1416 993 1460 paupertinum
1019 1419 1138 1450 ortum
1163 1416 1303 1461 magnis
1330 1415 1523 1450 virtutibus
1549 1416 1725 1450 illustrem

335 1474 498 1514 reddidit,
543 1474 680 1507 Mariae
722 1472 908 1507 Scotorum
950 1473 1093 1519 reginae
1135 1473 1174 1507 in
1215 1476 1367 1518 utraque
1409 1473 1553 1507 fortuna
1597 1484 1722 1508 comes.

336 1530 483 1564 Rossiae
513 1531 698 1575 episcopus
726 1530 964 1570 renunciatus,
992 1530 1083 1563 nihil
1110 1530 1231 1564 omisit
1261 1542 1331 1575 quo
1359 1530 1470 1565 fidelis
1502 1531 1635 1565 subditi
1661 1532 1726 1564 im-

335 1588 447 1631 pleret
470 1592 599 1632 partes,
627 1587 850 1632 majestatem
868 1587 1010 1632 reginae
1036 1592 1206 1627 tueretur,
1233 1588 1407 1622 haeresim
1433 1588 1659 1634 profligaret3
1688 1600 1727 1622 ac

337 1645 493 1688 primum
537 1656 651 1678 arcem
694 1644 1027 1689 Edimburgensem‚
1070 1656 1150 1679 cum
1194 1644 1347 1691 Georgio
1390 1646 1570 1680 Gordonio
1607 1646 1727 1679 Hunt-

338 1702 405 1735 laei
440 1703 577 1742 comite,
612 1706 752 1736 tutatus
787 1706 840 1735 est
873 1713 938 1745 pro
973 1702 1097 1747 regina
1131 1713 1224 1736 anno
1260 1711 1457 1736 MDLXVH.
1492 1702 1614 1736 Jacob.
1650 1703 1725 1736 Au-

338 1763 433 1803 gust.
462 1759 604 1792 Thuan.
631 1759 692 1792 lib.
712 1768 779 1792 XL.
809 1758 1001 1792 Historiar.
1026 1763 1061 1792 et
1088 1770 1168 1793 cum
1195 1761 1341 1794 eandem
1360 1760 1454 1804 apud
1472 1759 1630 1805 Anglam
1649 1771 1727 1804 per-

339 1816 507 1850 ditissimi
542 1820 746 1849 accusarent
780 1816 987 1859 perduelles,
1018 1816 1171 1850 Jacobus
1203 1828 1317 1851 comes
1349 1817 1533 1857 Mortonii,
1566 1817 1728 1851 Adamus

342 1873 525 1917 episcopus
556 1873 747 1913 Orcadum,
787 1873 965 1906 Robertus
999 1875 1263 1908 commendator
1298 1874 1583 1914 DumfermeIini,
1614 1875 1729 1908 Patri-

341 1929 416 1962 cius
447 1930 542 1963 Baro
572 1929 743 1974 Lindsay,
775 1929 929 1963 Jacobus
959 1930 1173 1976 Macgissius,
1213 1931 1390 1965 Hem-icus
1428 1931 1633 1971 Balnavius,
1669 1931 1730 1965 Li-

343 1987 523 2026 dintonus,
566 1993 601 2020 et
641 1986 816 2032 Georgius
850 1986 1101 2027 Buchananus‚
1144 1993 1179 2022 et
1213 1989 1356 2022 indictis
1390 1988 1543 2022 Eboraci
1578 1989 1730 2022 comitiis

339 2048 464 2077 contra
489 2045 551 2089 jus
578 2050 613 2078 et
643 2044 707 2083 fas,
735 2044 966 2087 inauditoque
992 2046 1162 2089 exemplo,
1189 2046 1431 2091 cognitoribus
1457 2046 1612 2091 reginae,
1638 2057 1728 2090 quae

344 2101 408 2134 soli
443 2100 520 2134 Deo
555 2101 685 2141 subest,
723 2101 827 2140 datis,
864 2101 1062 2135 intercessit
1096 2103 1257 2142 viriliter,
1288 2108 1323 2136 et
1357 2114 1497 2136 summa
1531 2104 1732 2147 eloquentia

344 2158 566 2203 illegitimam
598 2158 834 2203 cognitionem
865 2158 1029 2201 probavit
1059 2169 1133 2193 esse
1162 2159 1330 2193 Leslaeus
1359 2165 1501 2200 noster;
1537 2172 1643 2204 quem
1678 2172 1731 2194 co-

342 2215 562 2249 mitabantur
581 2215 780 2249 Gulielmus
795 2214 889 2248 Baro
904 2215 1148 2255 Livinstonus,
1163 2216 1341 2250 Robertus
1353 2216 1448 2251 Baro
1466 2217 1613 2257 Bodius,
1626 2217 1732 2251 Gavi-

343 2282 410 2305 nus
442 2273 707 2306 commendator
734 2272 921 2312 Kilvinini,
956 2272 1111 2307 Joannes
1148 2273 1360 2314 Gordonius,
1394 2279 1430 2308 et
1459 2274 1613 2309 Jacobus
1649 2275 1733 2309 Coc-

344 2329 491 2362 burnus.
547 2330 589 2363 Id
613 2334 731 2363 actum
757 2330 813 2363 die
840 2337 912 2362 V11.
939 2329 1083 2364 Octobr.
1103 2341 1195 2364 anuo
1215 2339 1429 2365 MDLXVIII.
1458 2336 1479 2351 “
1497 2337 1532 2366 et
1550 2344 1629 2365 cum
1657 2344 1733 2376 spe-

342 2390 435 2420 ctata
462 2386 560 2426 fide‚”
593 2386 700 2420 verba
731 2391 814 2420 sunt
843 2385 1010 2420 Gulielmi
1035 2387 1204 2421 Camdeni
1230 2388 1266 2421 in
1284 2388 1484 2423 Annalibus
1511 2389 1730 2435 Anglicanis,
