2060 2848
353 258 420 291 656
737 261 969 295 HISTORIA
993 262 1368 297 ECCLESIASTICA

779 414 1099 450 WILHELMUS
1124 416 1171 452 R.
1225 419 1333 455 1171.

356 529 391 564 S.
410 529 682 565 WanELMUs
708 542 752 565 ex
777 530 1006 577 generatione
1031 532 1093 566 illa
1116 532 1300 568 benedicta
1324 532 1385 567 SS.
1413 532 1595 568 Malcolmi
1623 533 1692 568 111.
1720 539 1757 568 et

354 587 592 634 Margaretae,
632 588 668 622 S.
699 588 851 623 Davidis
881 600 1001 633 nepos,
1037 589 1072 624 S.
1104 589 1287 624 Malcolmi
1322 595 1557 637 cognomento
1591 590 1757 638 Virginis

353 644 475 685 frater,
506 649 542 679 et
568 646 643 690 ipse
669 657 690 680 a
715 645 927 680 fortitudine
958 651 1233 692 cognomentum
1261 646 1394 681 Leonis
1419 648 1557 688 habuit,
1585 649 1755 693 deceptus

353 713 374 736 a
395 713 477 748 rege
494 702 661 748 Aninae,
679 704 717 737 in
734 703 906 749 Angliam
926 714 1007 736 cum
1026 703 1087 737 illo
1104 702 1297 747 profectus,
1323 709 1446 738 contra
1467 704 1530 749 jus
1554 705 1754 740 humanum

352 759 587 804 divinumque
612 761 650 794 in
675 759 827 793 Galliam
850 771 930 793 cum
957 765 1094 795 armata
1122 771 1231 794 manu
1257 761 1423 807 trajicere
1449 766 1502 795 est
1527 767 1692 802 coactus;
1719 768 1756 797 et

352 816 439 861 quia
455 818 610 850 multum
628 817 749 851 damni
768 817 922 851 Francia
939 828 961 851 a
978 816 1092 852 Scotis
1116 818 1261 862 accepit,
1288 829 1351 852 rex
1376 817 1531 864 Angliae
1556 818 1757 854 Northum-

353 874 467 909 briam
482 879 596 908 totam
610 874 748 909 Scotiae
763 874 801 908 in
815 879 1028 920 perpetuum
1042 874 1252 921 resignavit,
1265 886 1378 920 usque
1392 876 1436 910 ad
1451 875 1584 910 flumen
1599 875 1756 922 Ty'nam,

354 933 415 966 sed
433 936 468 966 et
491 932 700 967 comitatum
728 931 995 967 Huntintoniae
1022 932 1116 978 regis
1142 932 1257 974 fratri,
1285 938 1320 968 et
1344 933 1546 973 heredibus,
1570 934 1607 968 in
1632 945 1756 979 perpe-

353 994 457 1024 tuum
475 990 659 1024 concessit.
713 989 879 1036 Rogerus
906 991 949 1024 de
977 989 1151 1024 Hoveden
1177 989 1311 1025 Annal.
1338 998 1431 1036 part.
1459 1000 1501 1025 11.
1527 1002 1609 1038 pag.
1638 1001 1753 1027 CCCV.

353 1046 423 1082 Sed
447 1059 511 1082 rex
536 1058 702 1082 reversus
725 1048 770 1083 ab
793 1048 1018 1092 expeditione
1043 1046 1217 1082 Francica
1242 1048 1279 1082 in
1306 1047 1478 1094 Angliam
1504 1049 1589 1083 totis
1617 1051 1755 1085 viribus

352 1106 546 1140 exercitum
566 1105 681 1146 duxit,
700 1106 760 1139 sed
784 1105 974 1140 infeliciter
999 1106 1037 1139 in
1062 1104 1136 1139 acie
1163 1110 1288 1149 captus
1315 1106 1520 1150 redemptus
1546 1111 1599 1140 est
1624 1118 1755 1154 magno

351 1163 479 1208 pretio.
524 1162 606 1203 Hic,
620 1174 766 1197 suorum
781 1163 950 1207 pietatem
969 1163 1144 1202 imitatus,
1165 1161 1268 1196 Fidei
1288 1161 1464 1196 Defensor
1482 1163 1526 1197 ab
1544 1163 1753 1200 Alexandro

350 1232 444 1266 papa
457 1221 584 1255 dictus.
619 1220 643 1253 J
645 1220 774 1254 acobus
786 1220 1013 1263 Ballantinus
1027 1219 1209 1254 Historiae
1221 1219 1417 1255 Boetianae
1430 1220 1491 1255 lib.
1507 1229 1562 1255 Ἦ.
1595 1221 1751 1256 Censum

351 1278 453 1312 auxit
471 1278 616 1318 Melros,
635 1277 841 1318 Neubottel‚
858 1277 1148 1318 Dumfermelini,
1166 1283 1202 1311 et
1219 1277 1405 1319 Aberdin;
1425 1277 1667 1323 episcopatum
1682 1279 1754 1314 Ar-

350 1335 502 1382 gateliae
519 1335 698 1375 fundavit,
717 1339 752 1369 et
769 1334 985 1369 coenobium*
997 1333 1284 1376 Balmurenoch;
1313 1335 1475 1369 ordinem
1501 1334 1753 1373 Sanctissimae

351 1392 544 1427 Trinitatis
562 1404 633 1427 non
652 1393 758 1427 modo
777 1403 888 1438 regno
906 1393 1049 1437 recepit,
1076 1392 1138 1427 sed
1164 1397 1199 1427 et
1223 1392 1369 1427 domum
1395 1404 1496 1427 suam
1521 1392 1753 1430 Aberdonen-

351 1462 426 1486 sem
452 1451 490 1485 in
516 1450 775 1485 monasterium
800 1451 888 1495 ipsis
914 1450 1101 1485 convertit.
1154 1449 1275 1484 Sanet.
1294 1449 1490 1490 Adamum,
1518 1450 1752 1488 Cathenesiae

351 1510 568 1554 episcopum,
586 1507 632 1542 ab
648 1508 769 1553 impiis
787 1508 1014 1543 interfectum
1034 1507 1176 1554 egregie
1200 1507 1408 1547 vindicavit,
1433 1512 1475 1542 ut
1502 1509 1563 1543 lib.
1591 1518 1615 1543 1.
1641 1521 1753 1555 supra

350 1566 485 1600 dictum
500 1576 509 1607 ;
541 1570 577 1600 et
594 1577 675 1600 cum
693 1565 806 1611 Angli
824 1565 996 1611 sacrilego
1013 1576 1103 1599 ausu
1116 1564 1404 1611 jurisdictionem
1423 1565 1460 1599 in
1475 1565 1631 1600 Scoticas
1647 1568 1752 1603 eccle-

350 1624 422 1657 sias
440 1627 666 1667 usurparent,
691 1623 799 1657 misso
826 1623 862 1657 S.
882 1622 1044 1657 Gilberto
1068 1623 1259 1668 insigniter
1283 1621 1441 1656 Scoticae
1464 1624 1628 1659 ecclesiae
1646 1625 1752 1660 liber·

350 1685 463 1715 tatem
480 1680 649 1714 defendit.
703 1679 922 1714 Hovedenus
948 1690 1031 1726 pag.
1051 1688 1214 1714 cccxw.
1241 1684 1277 1714 et
1300 1690 1365 1713 nos
1391 1680 1483 1714 libro
1507 1689 1580 1714 VII.
1637 1681 1752 1716 Fran-

351 1738 507 1773 ciscanos
521 1738 640 1778 etiam,
656 1743 691 1772 et
704 1738 959 1772 Dominicanos
974 1738 1011 1772 in
1030 1748 1180 1783 regnum
1195 1737 1338 1781 recepit.
1379 1736 1414 1771 S.
1435 1737 1661 1783 Margaretae
1676 1751 1750 1774 cor-

350 1807 418 1841 pus
436 1795 633 1835 transtulit,
656 1795 791 1828 insulas
810 1794 964 1828 Scoticas
982 1806 1004 1828 a
1021 1793 1134 1829 Danis
1153 1794 1388 1838 recuperavit,
1413 1794 1555 1828 demum
1576 1795 1750 1832 Perthum

350 1854 395 1888 ad
426 1852 495 1886 Tai
522 1852 638 1896 ripam
664 1852 833 1892 condidit,
865 1856 900 1886 et
930 1851 975 1886 D.
1006 1851 1138 1886 Joanni
1168 1851 1345 1886 dedicavit
1373 1852 1439 1886 sub
1463 1864 1597 1886 annum
1621 1862 1747 1889 MCCX.

350 1910 539 1949 Miracula‚
557 1914 592 1944 et
611 1910 716 1943 vivus
743 1914 779 1943 et
804 1914 979 1950 mortuus,
1005 1909 1226 1954 perpetravit
1252 1910 1377 1949 multa,
1404 1910 1465 1943 sed
1489 1910 1556 1944 hoc
1579 1911 1748 1956 primum,

351 1968 445 2013 quod
467 1968 637 2013 juvenem
662 1967 839 2012 quendam
868 1966 1033 2001 omnibus
1058 1967 1227 2001 membris
1251 1966 1476 2002 debilitatum
1505 1968 1608 2014 signo
1635 1970 1748 2004 crucis

350 2025 497 2059 sanitati
514 2025 725 2059 restituerit.
782 2024 1010 2059 Ballantinus
1029 2024 1197 2058 Chronici
1216 2024 1374 2070 vulgaris
1392 2024 1453 2059 lib.
1474 2033 1567 2059 xnl.
1592 2037 1668 2071 cap.
1689 2036 1745 2061 lx.

350 2081 433 2117 Gul.
452 2081 628 2128 Neubrig.
646 2082 707 2116 lib.
728 2091 771 2116 11.
790 2092 865 2127 cap.
885 2091 974 2116 xlx.
1026 2081 1177 2126 Scripsit

498 2138 681 2184 Epistolas
700 2140 744 2174 ad
762 2139 1009 2174 Alexandrum
1028 2138 1099 2174 ΙΙΙ.
1142 2139 1203 2174 lib.
1224 2148 1249 2174 Ι.

497 2196 613 2243 Leges
631 2208 747 2232 sacras
766 2197 827 2232 lib.
847 2206 872 2231 1.
898 2204 940 2232 ut
963 2198 1096 2232 scilicet
1118 2209 1140 2232 a
1164 2198 1312 2232 meridie
1335 2197 1507 2232 Sabbathi
1533 2209 1654 2233 omnes
1679 2199 1746 2234 fes-

546 2258 623 2288 tum
642 2259 824 2289 servarent
841 2266 954 2300 usque
973 2255 1017 2289 ad
1035 2255 1129 2290 diem
1147 2256 1262 2290 lunae.

499 2311 553 2345 De
571 2310 696 2346 Titulo
714 2311 995 2347 Northumbriae
1140 2310 1201 2347 lib.
1221 2322 1247 2347 1.

401 2368 501 2404 Obiit
514 2369 552 2403 in
563 2379 703 2404 summa
713 2380 798 2414 pace
810 2381 903 2405 anno
917 2378 1090 2406 mccxxv.
1103 2371 1204 2417 regni
1215 2371 1272 2405 sui
1284 2379 1404 2406 xmx.
1443 2370 1632 2406 Pontifices
1644 2376 1745 2406 erant
