2060 2848
727 270 903 304 GENTIS
928 272 1202 312 SCOTORUM,
1228 274 1316 307 LIB.
1346 275 1445 310 XIX.
1717 277 1781 312 659

783 420 820 455 S.
846 421 1155 457 WINFREDUS
1180 423 1227 458 E.
1280 427 1386 462 1175.

392 536 430 569 S.
457 535 717 569 ernssnus
742 535 833 570 alius
859 548 880 570 a
905 536 1095 581 praedicto,
1123 542 1159 572 et
1183 538 1258 582 ipse
1283 538 1420 579 Scotus‚
1447 544 1567 575 sextus
1593 542 1772 587 epiScopus

392 592 657 627 Coventriensis
683 596 719 626 et
742 592 1010 634 Lichfeldensis,
1035 594 1184 635 Ceddae,
1208 595 1251 628 de
1274 607 1345 640 quo
1367 596 1427 630 lib.
1448 605 1472 630 1.
1499 607 1617 641 supra,
1644 609 1773 633 succes-

391 661 460 684 sor.
487 650 587 684 Beda
603 650 663 684 lib.
685 659 737 684 1V.
758 649 895 685 Histor.
914 649 1118 685 Ecclesiast.
1137 651 1243 687 Gent.
1260 652 1412 699 Anglor.
1437 664 1514 698 cap.
1533 662 1592 688 111.
1620 659 1641 674 ‘⁶
1659 654 1773 690 Theo-

389 708 498 742 dorus
521 708 699 742 ordinavit
725 707 958 748 winfridum,
984 708 1103 750 virum
1128 708 1259 744 bonum
1285 714 1321 744 et
1345 711 1555 752 modestum,
1583 712 1655 756 qui,
1682 712 1772 747 sicut

390 765 671 809 praedecessores
694 765 783 810 ejus,
803 765 997 809 ,provinciis
1023 765 1250 807 Merciorum,
1276 771 1312 801 et
1336 767 1672 803 mediterraneorum
1696 769 1772 804 An-

389 822 541 868 glorum}
561 827 596 856 et
614 821 899 856 Lindisfarorum
917 822 1137 867 episcopatus
1164 823 1275 858 officio
1300 828 1486 868 praeesset.
1538 824 1630 861 Erat
1652 831 1769 862 autem

389 878 593 913 VVinfridus
610 880 653 913 de
671 880 762 913 clero
779 879 856 924 ejus
879 880 936 913 cui
962 879 1037 923 ipse
1059 884 1273 914 successerat
1297 880 1479 920 antistitis,
1505 885 1540 915 et
1565 881 1768 917 diaconatus

388 936 500 970 officio
518 936 584 970 sub
606 947 646 970 eo
670 947 743 970 non.
764 947 876 981 pauco
899 941 1056 981 tempore
1079 935 1325 982 fungebatur.”
1376 936 1542 972 Meminit
1564 938 1768 973 Matthaeus

388 993 642 1027 WVestmonast.
670 994 716 1027 ad
741 1004 874 1027 annum
897 1001 1068 1027 DCLV111.
1122 993 1239 1033 Hunc,
1266 994 1331 1028 etsi
1358 995 1510 1028 multum
1535 1006 1556 1028 a
1581 995 1709 1039 pietate
1735 1001 1769 1030 et

388 1051 564 1094 probitate
602 1051 798 1089 laudatum,
832 1054 868 1084 et
905 1050 979 1084 suis
1016 1061 1149 1090 carum,
1189 1050 1397 1084 Theodorus
1435 1056 1555 1085 tamen
1584 1052 1770 1097 archiepis-

387 1119 494 1152 copus
520 1108 601 1141 sede
622 1118 687 1141 sua
708 1107 856 1151 expulit,
882 1107 944 1151 qui
969 1105 1196 1141 Eadbarnam
1222 1107 1476 1141 monasterium
1502 1118 1524 1141 a
1548 1107 1666 1142 Cedda
1690 1120 1769 1143 con-

388 1166 504 1199 ditum
533 1176 570 1199 se
593 1165 756 1204 contulit,
783 1164 903 1209 ibique
926 1164 1184 1198 sanctissimam
1210 1165 1322 1199 vitam
1347 1164 1472 1198 finivit.
1521 1164 1623 1199 Istud
1648 1176 1769 1199 coeno-

387 1225 485 1258 bium
509 1223 628 1258 Bedae
651 1224 761 1257 codex
785 1220 1009 1256 Aether-nam
1034 1226 1157 1263 vocat3
1186 1220 1401 1256 Bearnense
1426 1232 1509 1256 vero
1532 1221 1576 1256 B.
1596 1222 1769 1257 Marcelli-

386 1293 432 1316 no
459 1281 534 1315 vita
560 1280 595 1314 S.
625 1279 806 1314 Suniberti
834 1291 910 1324 cap.
935 1288 995 1313 111.
1021 1279 1115 1323 apud
1141 1278 1286 1313 Surium
1311 1283 1397 1312 tom.
1426 1287 1470 1312 11.
1496 1279 1552 1312 die
1579 1288 1604 1312 1.
1630 1279 1765 1314 Martii.

386 1338 473 1372 Fuit
501 1342 619 1372 autem
648 1337 714 1371 hoc
738 1336 993 1371 monasterium
1021 1336 1059 1370 in
1087 1336 1253 1370 Lindissa
1279 1335 1396 1369 insula
1420 1334 1614 1376 Scotorum,
1640 1347 1661 1369 a
1687 1336 1765 1370 Sco-

385 1397 432 1430 tis
450 1396 652 1436 fundatum,
671 1406 693 1429 a
711 1394 825 1429 Scotis
842 1394 1142 1434 administratum,
1168 1404 1208 1427 ac
1230 1392 1342 1427 veluti
1367 1392 1546 1436 publicum
1571 1393 1767 1436 emporium

385 1454 579 1492 literarum,
623 1463 878 1497 communeque
919 1450 1145 1497 gymnasium
1180 1449 1304 1489 Scotis,
1340 1447 1481 1495 Augus,
1515 1454 1550 1483 et
1584 1449 1763 1484 Hibernis.

384 1510 477 1545 Vide
510 1521 617 1554 supra
651 1509 717 1543 hoc
750 1520 854 1554 opere
887 1509 947 1543 lib.
983 1516 1071 1542 vm.
1106 1508 1144 1542 in
1173 1504 1368 1552 Higbaldo
1401 1506 1525 1541 abbate
1561 1505 1763 1541 Bearnensi.

384 1568 534 1612 Scripsit

530 1624 742 1659 Sanctorum
759 1623 983 1668 quorundam
1001 1621 1106 1657 Vitas
1317 1620 1381 1655 lib.
1399 1629 1424 1654 1.

532 1681 811 1715 Exhortationes
828 1681 873 1715 ad
891 1680 1034 1714 Clerum
1053 1689 1156 1713 suum
1314 1677 1375 1712 lib.
1395 1686 1420 1712 1.

433 1739 601 1773 Pervenit
627 1738 672 1771 ad
697 1749 831 1771 annum
857 1745 1023 1771 Dccxvr.
1050 1746 1133 1769 nam
1159 1735 1202 1768 de
1225 1745 1317 1768 anno
1340 1733 1539 1773 subscribit,
1559 1733 1763 1768 fundatione

382 1795 598 1834 monasterii,
616 1794 895 1839 Croylandensis
916 1792 1088 1838 Ingulphi
1107 1791 1271 1826 Historia
1288 1801 1369 1836 pag.
1389 1798 1615 1824 CCCCXXCV.

672 1963 920 1999 NINIANUS
946 1960 1214 1996 WINZETUS
1239 1960 1320 1995 AB.
1374 1960 1479 1998 1176.

384 2082 594 2116 NINIANUS
648 2078 848 2118 Winzetus‚
903 2082 967 2111 aut
1020 2075 1242 2114 WVinchetus,
1293 2074 1529 2114 G1ascuensis,
1588 2081 1760 2109 monaste-

384 2141 427 2174 rii
474 2138 658 2172 Scotorum
711 2135 926 2170 Ratisbonae
974 2132 1091 2172 abbas,
1143 2143 1183 2166 ac
1234 2132 1332 2176 prius
1390 2131 1554 2166 Lutetiae
1605 2132 1757 2176 philoso-

383 2197 488 2242 phiae
517 2193 703 2240 professor,
736 2203 866 2238 magna
893 2190 1027 2237 ingenii
1054 2189 1168 2229 laude,
1196 2200 1259 2223 nec
1288 2189 1405 2223 minus
1435 2189 1516 2233 pius
1545 2200 1652 2233 quam
1681 2189 1759 2223 doc-

384 2260 452 2294 tus,
479 2251 561 2299 [ne]
588 2251 762 2284 haeresim
786 2248 1032 2283 Calvinianam
1056 2247 1242 2291 populares
1270 2245 1364 2280 Scoti
1394 2246 1588 2290 reciperent
1617 2256 1681 2290 pro
1708 2246 1758 2279 vi-

383 2311 440 2345 rili
466 2309 607 2344 restitit.
659 2306 800 2341 Laudat
826 2304 1019 2349 impensius
1043 2302 1199 2338 Joannes
1226 2302 1392 2337 Leslaeus
1417 2302 1477 2336 lib.
1497 2310 1550 2335 VI.
1578 2301 1757 2341 Historiae
