2060 2848
717 309 894 342 GENTIS
918 307 1195 345 SCOTORUM,
1218 306 1308 338 LIB.
1333 306 1397 338 IX.
1690 306 1752 337 377

363 412 464 440 tenus
493 415 563 439 non
595 403 820 448 deprehendi,
847 408 882 436 et
907 403 1010 437 video
1036 401 1175 447 Anglos
1202 411 1282 435 eum
1309 401 1377 434 sibi
1404 399 1623 440 vindicasse3
1662 400 1748 443 quin

362 468 396 496 et
415 462 507 496 Galli
525 472 630 495 suum
652 460 799 494 faciunt.
851 459 972 494 Uvion
998 460 1058 494 lib.
1085 468 1145 494 111.
1172 471 1253 505 pag.
1281 468 1371 493 D111.
1399 457 1588 492 Belforest.
1616 458 1748 492 Annal.

363 519 520 553 Francic.
540 518 600 552 lib.
621 527 646 551 1.
664 529 739 562 cap.
760 526 890 550 XXXV.
910 526 1058 551 XXXVI.
1086 517 1288 561 Stephanus
1311 515 1510 562 Lusignan.
1536 515 1676 550 Corona
1695 523 1748 549 1V.

361 587 436 620 cap.
456 585 510 610 VI.
537 581 572 610 et
590 575 805 609 faventiores
828 575 909 614 illis,
937 585 1044 618 quam
1071 574 1241 618 oportuit,
1268 574 1482 618 scriptorum
1508 573 1670 607 nonnulli
1697 584 1750 606 re-

360 633 567 667 centiorum.
619 632 663 666 In
680 632 736 665 his
754 631 910 665 Joannes
934 631 1102 666 Molanus
1125 630 1313 666 Addition.
1332 631 1377 665 ad
1395 630 1550 665 Usuard.
1576 631 1632 664 die
1657 639 1748 664 X111.

361 689 526 724 Decemb.
555 694 576 709 “
595 689 638 723 In
664 701 755 735 pago
780 689 936 723 Pontino
959 688 994 723 S.
1018 689 1147 723 Judoci
1165 688 1386 729 confessoris,
1412 687 1476 722 filii
1502 688 1597 734 regis
1616 688 1752 722 Britto-

361 758 458 787 num,
473 752 507 781 et
518 747 728 793 peregrini.’‘
758 746 895 780 Eadem
907 746 1116 781 Franciscus
1129 746 1360 791 Maurolycus
1376 745 1612 793 Martyrolog.
1627 757 1668 780 eo
1681 746 1749 785 die,

361 805 423 848 qui
441 804 551 844 addit,
571 810 591 824 ‘⁶
607 809 643 838 et
660 804 858 838 eremitae.”
908 803 953 837 Β.
973 804 1169 838 Marcellin.
1188 804 1227 837 in
1244 803 1332 839 Vita
1348 803 1384 838 S.
1404 803 1587 838 Suniberti
1605 815 1680 848 cap.
1697 812 1750 837 1V.

361 861 609 896 anachoretam
631 862 727 902 facit,
757 866 777 881 ‘⁶
796 865 832 895 et
849 861 893 894 ad
910 861 1188 895 convertendum
1206 862 1405 895 incredulos
1422 861 1461 895 in
1479 861 1669 895 solitudine
1689 861 1751 895 diu

362 919 502 959 vixisse,
520 925 554 953 et
568 919 604 953 S.
618 919 757 953 Winoti
772 918 901 962 (voluit
920 915 1072 963 W'nocz')
1084 918 1229 953 fratrem
1244 918 1388 960 fuisse,''
1402 919 1464 953 ait.
1512 917 1605 953 Vide
1619 918 1751 952 librum

361 976 527 1009 ultimum
545 976 653 1022 hujus
671 977 797 1020 operis,
815 975 877 1009 ubi
895 975 1065 1009 Sanctum
1086 975 1278 1010 Winoeum
1304 976 1451 1011 Scotum
1477 976 1587 1011 fuisse
1614 977 1750 1011 idoneis

362 1033 512 1067 testibus
536 1038 590 1067 est
611 1033 821 1077 probatum:
849 1037 883 1067 et
909 1033 939 1066 si
967 1043 1092 1066 verum
1118 1038 1183 1073 est,
1210 1034 1305 1078 quod
1331 1045 1352 1067 a
1377 1033 1413 1067 S.
1442 1033 1652 1068 Marcellino
1675 1034 1752 1079 jam

361 1091 521 1134 proxime
538 1101 646 1135 supra
663 1090 807 1124 laudato
832 1090 1007 1134 proditur,
1035 1094 1056 1109 “
1074 1089 1136 1123 SS.
1164 1090 1356 1124 Winoeum
1375 1095 1411 1125 et
1428 1090 1453 1124 J
1453 1091 1607 1125 udocum
1624 1089 1753 1125 fratres

362 1148 468 1188 esse,''
486 1148 548 1192 qui
566 1158 678 1181 unum
697 1146 842 1181 Scotum
860 1147 970 1181 fuisse
988 1147 1166 1191 probavit,
1193 1153 1229 1182 et
1255 1149 1406 1182 alterum
1432 1159 1476 1182 ex
1502 1149 1624 1182 eadem
1649 1153 1754 1194 gente

361 1216 432 1238 non
463 1204 678 1239 inficiabitur
708 1204 903 1238 ostendere.
966 1203 1183 1248 Simpliciter
1217 1205 1519 1251 Martyrologium
1550 1205 1753 1240 Romanum

362 1263 418 1296 die
431 1262 508 1307 jam
528 1262 622 1296 dicto
638 1271 646 1295 :
666 1266 687 1281 ‘⁶
706 1261 749 1295 In
767 1273 860 1307 pago
878 1261 1033 1296 Pontino
1051 1261 1087 1296 S.
1106 1261 1130 1295 J
1132 1263 1234 1296 udoci
1252 1262 1494 1297 confessoris.”
1537 1263 1659 1298 Vitam
1678 1264 1755 1309 ejus

362 1321 464 1363 plene
494 1319 662 1353 describit
688 1318 892 1353 Flarentius
919 1319 1026 1354 abbas
1053 1331 1075 1353 a
1100 1318 1206 1354 Surio
1231 1320 1363 1354 relatus
1390 1325 1475 1354 tom.
1501 1329 1555 1354 VI.
1583 1321 1755 1354 secundae

363 1377 538 1417 editionis,
559 1377 620 1421 qui
638 1376 723 1420 quia
743 1376 789 1409 ad
812 1387 958 1410 manum
985 1387 1058 1410 non
1083 1381 1147 1416 est,
1174 1377 1325 1411 certiora
1350 1377 1475 1412 afferre
1500 1389 1572 1412 non
1597 1389 1754 1423 possum.

364 1434 482 1468 Multa
509 1434 617 1467 etiam
642 1434 686 1467 de
711 1433 777 1467 hoc
807 1434 967 1467 invenies
997 1434 1093 1478 apud
1123 1433 1354 1468 Vincentium
1380 1434 1668 1470 Bellovacensem
1693 1436 1754 1470 lib.

364 1501 481 1525 xxw.
502 1491 598 1525 Hist.
619 1502 694 1535 cap.
713 1499 835 1524 eva.
855 1499 994 1524 CLXVI.
1046 1491 1176 1525 Petrus
1194 1491 1232 1524 in
1250 1490 1422 1538 Catalogo
1440 1492 1501 1527 lib.
1522 1502 1547 1527 1.
1566 1504 1641 1538 cap.
1658 1501 1754 1527 va.

363 1549 432 1582 Sed
450 1560 513 1582 nec
530 1548 556 1581 ii
575 1549 669 1592 apud
687 1559 754 1588 me,
775 1549 828 1582 uti
854 1559 918 1581 nec
941 1547 964 1580 J
967 1548 1090 1582 oannis
1113 1547 1251 1581 Leslaei
1270 1547 1407 1582 Scotica
1425 1548 1598 1589 Historia,
1625 1551 1686 1595 qui
1713 1551 1756 1585 de

362 1605 385 1639 J
388 1607 509 1646 udoco‚
528 1610 563 1640 et
581 1606 758 1650 plerisque
776 1605 866 1645 aliis,
885 1606 999 1639 multa
1017 1605 1164 1651 cognitu
1187 1606 1394 1639 necessaria.
1448 1606 1507 1640 Tu
1532 1619 1590 1642 eos
1615 1608 1684 1648 adi,
1706 1610 1756 1642 mi

363 1665 484 1698 lector.
536 1662 647 1697 Felici
665 1663 704 1696 in
730 1662 997 1707 Ephemeridib.
1025 1662 1212 1702 Belforest.
1240 1663 1278 1696 in
1305 1662 1597 1710 Cosmographia,
1624 1666 1684 1699 ubi
1712 1667 1754 1700 de

365 1720 565 1755 Armorica.
610 1720 757 1755 Robert.
773 1720 936 1754 Coenalis
950 1720 1011 1755 lib.
1028 1729 1071 1754 11.
1089 1720 1131 1754 de
1150 1719 1204 1754 Re
1223 1719 1359 1767 Gallica
1372 1722 1535 1765 perioche
1555 1731 1608 1756 VI.
1644 1722 1755 1757 Wan-

364 1778 543 1812 delbertus
564 1778 799 1827 Prumiensis.

796 1841 815 1870 J
817 1841 909 1870 udoch
923 1842 1031 1880 pariter
1044 1841 1200 1879 colerisque
1214 1840 1352 1874 sacerdos,

666 1888 791 1926 Egregie
805 1888 901 1916 oceani
915 1888 1023 1917 cedunt
1038 1889 1083 1917 cui
1098 1899 1182 1927 saepe
1196 1888 1345 1927 procellae-

368 1945 424 1979 Ita
441 1946 520 1991 lego
539 1950 642 1979 antea
660 1946 810 1989 pessime
828 1946 975 1979 mutatis
993 1946 1105 1979 literis
1121 1955 1129 1978 :

668 1999 779 2028 Vidoch
793 2000 901 2038 pariter
916 2000 1081 2038 colerisque.

369 2057 463 2090 Huic
482 2057 694 2101 Rudolphus
713 2056 883 2102 Agricola
903 2057 1023 2090 votiva
1041 2057 1198 2091 carmina
1215 2059 1347 2093 dicavit
1363 2069 1372 2092 τ

669 2120 758 2157 Regia
772 2120 929 2158 progenies,
944 2126 1075 2148 veterum
1089 2120 1176 2158 stirps
1190 2120 1265 2150 clara
1282 2122 1463 2157 Britonnum,

669 2166 744 2195 Ecce
758 2167 833 2195 nitet
847 2167 936 2195 rutila
950 2167 1078 2196 Judocus
1091 2166 1155 2196 luce
1169 2178 1220 2206 per
1233 2169 1339 2203 orbem,

668 2214 774 2251 Ingens
788 2214 872 2251 quale
886 2214 972 2242 micat
986 2214 1074 2242 sidus.

368 2289 478 2333 Interj
483 2289 567 2322 ectis
587 2288 713 2321 deinde
732 2287 867 2331 aliquot
880 2297 888 2320 ε

668 2359 796 2388 Maxime
810 2359 961 2392 confessor,
975 2360 1028 2388 tibi
1043 2370 1093 2388 nos
1106 2360 1209 2390 debere
1223 2362 1357 2395 fatemur,

669 2405 869 2444 Quodcunque
883 2407 934 2435 hoc
948 2407 1023 2436 vitae
1038 2413 1089 2436 est.
