2060 2848
410 294 474 325 600
776 294 779 299 ’
795 292 1033 326 HISTORIA*
1051 292 1423 326 ECCLESIASTICA
1448 317 1451 325 ,

415 388 559 428 relictis,
577 398 619 422 ea
634 387 712 433 lege
734 388 776 422 ut
801 388 877 432 ipse
901 387 997 422 inter
1017 387 1263 422 benefactores
1289 387 1490 428 haberetur,
1517 393 1552 423 et
1578 389 1616 422 in
1642 388 1810 424 fundato-

415 456 497 479 rum
513 446 781 480 nomenclatura
797 446 915 479 locum
931 444 1088 485 haberet,
1112 449 1154 479 ut
1177 444 1287 479 refert
1312 445 1336 478 J
1338 445 1467 479 acobus
1486 445 1654 480 Breulius
1680 446 1740 481 lib.
1761 456 1804 480 11.
1860 476 1863 478 .

415 502 632 547 Antiquitat.
651 502 843 537 Parisiens.
861 513 943 549 pag.
963 511 1166 536 DCLXXXI.
1219 502 1338 537 Multa
1355 503 1477 543 edidit,
1503 503 1564 537 sed
1583 514 1648 549 ego
1667 508 1808 538 tantum

416 560 494 593 vidi·

565 616 700 651 Contra
725 616 873 651 Venena
898 616 1109 650 Calviniana
1133 616 1406 651 Antidotarium
1432 618 1477 652 ad
1503 617 1626 652 Scotos
1655 618 1715 652 lib.
1748 627 1808 651 111.

612 674 742 718 quibus
760 674 880 708 omnia
897 673 1157 707 controversiae
1174 673 1291 716 capita
1307 674 1478 719 exagitat,
1504 674 1541 709 S.
1564 674 1610 708 R.
1633 674 1679 709 E.
1703 674 1807 708 fidem

613 730 743 770 firmat,
761 741 892 775 magno
909 729 1130 773 eloquentiae
1148 734 1288 769 ornatu,
1306 734 1342 764 et
1359 730 1496 765 sincera
1513 731 1685 766 doctrina.

461 788 562 823 Obiit
579 788 617 822 in
635 787 793 833 Collegio
811 787 986 821 Montano
1001 796 1095 820 anno
1114 794 1328 820 Manxm.
1347 787 1404 821 die
1422 795 1476 822 VI.
1496 787 1596 822 Maii.

757 900 991 936 JOANNES
1018 900 1300 936 SKENAEUS.
1355 904 1461 938 1084.

413 1018 437 1052 J
440 1026 606 1053 OANNES
625 1018 860 1058 SKENAEUS,
883 1022 1026 1052 senator
1049 1028 1208 1052 summae
1225 1017 1411 1053 Scotorum
1430 1019 1558 1059 curiae,
1582 1024 1689 1064 atque
1707 1021 1809 1055 tabu-

415 1076 494 1110 larii
524 1087 587 1110 seu
618 1076 762 1122 registri
793 1080 923 1116 custos,
959 1075 1231 1109 adolescentiam
1260 1076 1299 1109 in
1331 1075 1368 1109 N
1370 1077 1525 1122 orvegia,
1559 1076 1689 1118 Dama,
1726 1078 1808 1112 Sar-

413 1134 594 1178 matiaque
611 1144 743 1179 magna
760 1137 862 1177 parte
880 1133 1110 1177 consumpsit,
1136 1132 1198 1166 ubi
1222 1137 1258 1167 et
1283 1133 1425 1179 linguas
1443 1133 1567 1168 didicit
1584 1135 1807 1169 exactissime

413 1191 580 1231 boreales,
601 1195 636 1225 et
654 1201 770 1224 mores
788 1190 927 1234 polivit,
950 1194 986 1224 et
1002 1189 1199 1235 ingenium,
1217 1190 1262 1223 ad
1275 1201 1406 1236 magna
1423 1201 1584 1236 surgens,
1602 1202 1646 1225 ex
1660 1192 1806 1226 virtutis

412 1252 448 1282 et
477 1248 618 1282 honesti
647 1247 867 1292 praescripto
897 1246 1092 1287 formavit3
1124 1246 1181 1280 vir
1206 1247 1357 1281 candore
1383 1247 1493 1281 animi
1524 1252 1560 1282 et
1584 1248 1811 1283 humanitate

413 1305 693 1349 incomparabili,
707 1304 1016 1349 jurisprudentiae
1033 1314 1074 1338 ac
1090 1304 1142 1338 rei
1156 1304 1378 1349 antiquariae
1394 1304 1645 1348 peritissimus.
1690 1305 1808 1351 Scrip-

414 1363 462 1396 sit
479 1361 749 1396 Institutionem
767 1360 908 1407 Legum
926 1360 1147 1395 Scoticarum
1171 1361 1233 1395 lib.
1254 1369 1297 1395 11.
1325 1361 1369 1395 ad
1395 1361 1632 1396 imitationem
1653 1361 1677 1395 J
1680 1363 1807 1397 ustini-

413 1420 472 1454 ani
489 1419 726 1464 imperatoris,
744 1430 808 1453 seu
825 1419 944 1453 verius
963 1418 1186 1453 Triboniani.
1238 1417 1340 1463 Opus
1363 1423 1417 1453 est
1438 1429 1569 1465 magna
1599 1430 1720 1454 rerum
1746 1431 1805 1454 va-

413 1478 549 1517 rietate,
567 1488 609 1511 ac
626 1477 808 1511 recondita
826 1476 997 1510 doctrina.
1050 1475 1191 1510 Prodiit
1207 1475 1433 1522 Edimburgi.

562 1533 878 1568 Senatusconsulta
894 1534 1002 1578 patrii
1021 1533 1184 1573 Senatus,
1203 1533 1278 1568 sive
1291 1532 1386 1567 Acta
1398 1532 1631 1574 Parlamenti‚
1648 1534 1709 1568 lib.
1731 1544 1755 1568 1.

562 1591 747 1626 Historiae
765 1590 924 1625 Scoticae
941 1590 1120 1636 Synopsin
1651 1591 1711 1625 lib.
1731 1601 1755 1625 Ι.

560 1648 742 1693 Epistolas
760 1648 805 1682 ad
822 1647 960 1682 Daniae
978 1647 1180 1692 Optimates
1652 1648 1712 1682 lib.
1733 1658 1757 1682 1.

462 1706 563 1742 Obiit
580 1705 797 1751 Edimburgi
814 1715 908 1740 anno
927 1713 1058 1739 Mncx.

746 1803 978 1839 JOANNES
1004 1803 1300 1839 SCHARPIUS.
1356 1806 1462 1838 1085.

405 1873 602 1913 'JOANNES
622 1878 825 1923 Scharpius,
844 1879 881 1912 in
895 1878 1075 1913 academia
1086 1877 1212 1913 Diensi
1226 1878 1415 1923 professor,
1430 1878 1572 1923 scripsit
1585 1879 1699 1913 multa
1711 1890 1720 1920 ;
1740 1892 1806 1926 ego

412 1943 552 1971 tantum
580 1936 653 1970 vidi
704 1935 759 1970 De
776 1935 904 1971 misero
925 1935 1091 1970 Hominis
1110 1936 1216 1971 Statu
1233 1936 1300 1970 sub
1318 1936 1468 1970 Peccato
1493 1935 1553 1970 lib.
1575 1944 1616 1969 11.
1670 1936 1804 1971 Vereor

412 2006 456 2028 ne
473 1994 647 2028 haeresim
666 1994 804 2038 sapiat;
832 1998 867 2028 et
892 1994 981 2027 mihi
1004 1993 1061 2027 vir
1078 1994 1238 2028 eruditus
1257 1994 1400 2028 nomine
1417 1997 1559 2027 tantum
1577 2003 1620 2027 ex
1640 1994 1805 2038 operibus

414 2058 466 2086 cst
484 2051 659 2097 cognitus.
711 2051 870 2086 vivatne
886 2062 932 2085 an
951 2051 1091 2091 obierit,
1109 2051 1238 2085 nescio.

731 2148 1005 2184 PATRICIUS
1031 2148 1326 2183 SCHARPIUS.
1381 2148 1488 2183 1086.

413 2225 635 2258 PATmcms
653 2223 857 2268 Scharpius,
883 2223 1082 2268 praefectus
1107 2224 1286 2269 gymnasii
1303 2222 1539 2264 Glascuensis,
1567 2224 1623 2258 vir
1641 2224 1802 2258 eruditus

417 2280 547 2315 Graece
565 2292 604 2316 ac
622 2280 762 2321 Latine,
780 2282 893 2322 multa
911 2281 1023 2315 edidit
1035 2290 1053 2321 ;Ἰ
1077 2291 1143 2327 ego
1160 2273 1234 2313 ‘vidi
1253 2284 1393 2327 tantum
