2060 2848
673 290 847 323 GENTIS
870 292 1260 331 SCOTORUM„L113.
1287 295 1399 327 xvll.
1662 298 1724 330 595

712 440 876 475 DAVID
902 441 1194 476 SINCLARUS.
1249 445 1354 479 1074.

346 553 484 587 Davu)
507 553 698 593 Sinclarus,
726 553 854 587 fratres
872 553 1033 587 Setonios
1059 554 1204 588 comites
1222 554 1427 589 Wintoniae
1453 557 1490 590 in
1516 556 1647 592 Gallias
1673 570 1724 592 se-

314 651 320 657 ·
342 615 457 650 cutus,
476 610 624 644 Parisiis
641 611 779 656 ingenti
796 621 876 644 cum
894 611 1067 655 applausu
1084 611 1122 644 in
1139 610 1346 645 Navarraeo
1362 612 1587 647 humaniores
1604 615 1722 648 literas

342 667 484 707 docuit;
511 678 595 713 mox
620 667 837 711 professione
862 667 1019 701 Ramaea
1045 672 1201 707 vacante,
1228 668 1479 712 disputationis
1501 670 1724 704 mathemati-

341 735 399 757 cae
425 735 542 758 aream
570 723 717 758 fidenter
744 728 798 758 est
828 724 1020 769 ingressus,
1046 729 1082 758 et
1107 729 1230 758 contra
1258 735 1355 768 spem
1385 727 1544 760 omnium
1576 726 1724 761 Monon-

341 779 505 820 tholium,
531 780 593 825 qui
619 785 732 815 totam
758 785 909 815 aetatem
934 792 1049 825 usque
1072 781 1117 814 ad
1134 781 1298 815 ultimam
1321 787 1495 816 senectam
1521 783 1560 816 in
1585 794 1624 816 ea
1649 790 1723 817 arte

341 837 573 880 impenderat,
613 836 841 882 profligavit;
880 838 1013 871 exactis
1042 837 1168 871 deinde
1198 838 1333 882 aliquot
1370 839 1483 878 annis,
1521 840 1722 873 cathedram

341 892 533 928 Ramaeam
556 905 635 928 cum
655 895 753 939 regia
771 893 826 928 Sc.
845 895 1074 938 permutavit.
1124 894 1257 928 Aulam
1281 895 1524 929 Britannicam
1549 907 1640 930 vana
1663 908 1724 940 spe

340 949 546 993 aliquandiu
576 955 742 990 sectatus,
772 950 919 984 feliciori
949 956 1077 985 eventu
1105 952 1248 996 reginae
1279 951 1472 991 Navarrae,
1502 952 1723 997 Margaretae

340 1004 512 1046 Valesiae,
527 1007 684 1040 favorem
699 1007 859 1046 ambivit,
874 1007 966 1040 inter
979 1008 1153 1051 palatinos
1170 1008 1355 1047 admissus,
1373 1013 1409 1042 et
1425 1009 1540 1052 quoad
1558 1009 1618 1042 illa
1631 1010 1723 1043 vixit

340 1063 529 1097 honorifice
552 1063 708 1097 habitus.
757 1063 906 1107 Scripsit
928 1063 1168 1098 eruditissimo
1185 1065 1289 1109 stylo,
1308 1070 1342 1098 et
1359 1065 1605 1099 amoenissimo
1629 1067 1723 1111 inge-

342 1119 402 1153 nio
420 1119 487 1159 vir,

487 1176 656 1211 Carmina
673 1177 772 1211 varia
788 1181 941 1221 utraque
957 1177 1081 1222 lingua
1372 1178 1431 1212 lib.
1453 1187 1476 1211 1.

488 1233 668 1268 Heronem
686 1233 858 1267 Latinum
871 1233 966 1273 fecit,
983 1237 1020 1267 et
1037 1234 1130 1267 notis
1148 1234 1353 1273 illustravit,
1372 1235 1433 1268 lib.
1452 1244 1478 1268 1.

485 1289 539 1324 De
556 1301 650 1324 nova
666 1290 811 1334 Optices
829 1289 982 1323 Ratione
1374 1291 1435 1325 lib.
1454 1300 1479 1325 1.

486 1346 711 1380 Archimedis
747 1346 867 1380 omnia
904 1346 1023 1390 Opera
1060 1352 1215 1380 correcta
1244 1348 1288 1380 ad
1318 1347 1422 1381 MSS.
1452 1348 1721 1382 Commentariis

485 1422 489 1425 -
535 1403 723 1441 illustrata,
1371 1404 1431 1438 lib.
1452 1413 1477 1438 1.

388 1457 490 1493 Vivit
508 1459 622 1493 adhuc
640 1459 799 1498 Parisiis,
822 1463 858 1492 et
875 1459 1088 1504 infatigabili
1112 1460 1229 1494 studio
1254 1465 1346 1494 artes
1373 1461 1636 1496 mathematicas
1665 1473 1721 1494 ex-

342 1515 435 1555 colit,
454 1526 623 1560 magnum
641 1515 776 1559 patriae
793 1526 878 1549 suae
895 1515 1023 1550 lumen.

661 1599 874 1663 THOMAS
898 1628 1165 1663 SUTTONUS
1192 1630 1243 1663 M.
1297 1632 1402 1667 1075.

346 1742 523 1776 ΤΗΟΜΑΒ
540 1742 725 1781 Suttonus,
742 1742 828 1782 sive,
846 1741 1085 1776 ut.Antonius
1103 1742 1265 1777 Senensis
1284 1744 1321 1776 in
1333 1743 1552 1778 Bibliotheca
1571 1746 1658 1783 vult,
1678 1745 1719 1778 de

342 1798 521 1838 Suetonia,
539 1803 613 1837 aut,
630 1803 672 1833 ut
685 1798 846 1833 Gilberto
858 1798 984 1832 Bruno
996 1799 1109 1842 placet
1122 1799 1159 1832 in
1176 1799 1416 1839 Collectaneis,
1430 1799 1604 1839 Setonius,
1618 1812 1717 1845 prae,

340 1855 500 1889 dicatorii
519 1855 652 1889 ordinis
671 1854 867 1900 theologus,
885 1859 921 1888 et
937 1853 1167 1888 Sorbonensis
1194 1855 1326 1895 doctor,
1352 1862 1392 1890 ut
1418 1857 1478 1890 lib.
1499 1865 1551 1890 1V.
1578 1858 1620 1891 de
1638 1857 1714 1891 Vir.

341 1911 510 1946 Illustrib.
541 1912 660 1956 prodit
685 1911 847 1946 Leander
877 1911 1059 1951 Albanis,
1087 1912 1144 1945 sui
1173 1913 1281 1945 seculi
1310 1913 1544 1952 acutissimus,
1576 1918 1611 1947 et
1641 1914 1716 1946 sive

339 1969 538 2013 disputaret
566 1969 642 2003 sive
674 1969 853 2008 scriberet,
886 1968 1061 2013 insignem
1096 1968 1235 2002 laudem
1270 1979 1292 2002 a
1328 1969 1532 2013 posteritate
1573 1970 1713 2004 meruit.

338 2024 449 2071 Angli
467 2037 572 2059 suum
589 2025 725 2059 faciunt
741 2035 936 2070 perperam,
954 2035 1034 2058 cum
1051 2035 1095 2058 ex
1112 2025 1275 2068 operibus
1295 2025 1419 2068 ipsius,
1442 2031 1476 2059 et
1502 2027 1654 2059 maxime
1677 2027 1715 2059 in

339 2081 555 2125 praefatione
573 2082 618 2116 ad
639 2082 872 2121 Quaestiones
890 2080 1120 2126 Theologicas
1142 2092 1178 2115 se
1196 2080 1339 2114 Scotum
1357 2081 1510 2115 fateatur
1528 2083 1565 2115 in
1582 2082 1716 2128 Anglia

341 2138 538 2178 educatum,
556 2142 654 2182 puto,
677 2149 718 2172 eo
742 2142 899 2181 tempore
916 2148 987 2181 quo
1012 2137 1170 2171 doctores
1196 2136 1291 2171 Scoti
1317 2138 1373 2172 sui
1398 2138 1490 2183 regis
1516 2138 1715 2182 sumptibus

340 2195 499 2228 Oxoniae
516 2195 706 2229 studebant
722 2198 758 2229 et
782 2193 1047 2238 profitebantur,
1073 2199 1114 2228 ut
1139 2204 1182 2227 ex
1206 2193 1426 2228 Clementina
1451 2196 1565 2238 prima
1590 2196 1646 2230 tit.
1672 2196 1716 2228 de

341 2251 526 2297 Magistris
544 2251 604 2285 lib.
623 2260 660 2285 v.
680 2250 981 2285 clementium-um
998 2254 1105 2295 patet.
1151 2250 1298 2294 Scripsit
1311 2251 1435 2291 multa,
1452 2252 1513 2285 sed
1530 2252 1613 2287 haec
1630 2258 1713 2287 sunt

341 2318 549 2352 praecipua:
