2060 2848
653 316 827 350 GENTIS
852 312 1127 351 SCOTORUM,
1150 313 1240 344 LIB.
1263 311 1326 343 XI.
1628 307 1691 340 429

772 466 807 500 S.
834 464 1082 499 LOLANUS.
1137 465 1218 501 790.

306 583 341 616 S.
360 583 567 620 LOLANUS,
585 580 869 624 incomparabilis
887 578 1032 612 virtutis
1051 578 1247 621 episcopus,
1273 575 1374 620 cujus
1398 574 1493 607 vitae
1511 572 1691 606 continen-

306 640 391 673 tiam
410 639 531 672 crebra
548 638 717 671 miracula
735 637 829 680 apud
848 636 968 669 Scotos
993 634 1240 678 loquebantur,
1268 643 1349 665 cum
1375 632 1515 665 invecta
1536 629 1690 663 haeresis

305 696 576 740 improbissima,
595 695 671 738 pios
689 693 757 726 Dei
775 694 890 726 cultus
909 703 1018 737 regno
1035 703 1076 725 eo
1094 690 1277 725 eliminare
1303 700 1389 722 ausa
1406 693 1470 722 est.
1523 687 1609 720 Fuit
1634 686 1692 719 hic

307 752 398 798 Regi
416 752 589 786 Duncano
607 751 803 790 familiaris,
823 750 924 794 cujus
944 760 1057 792 neque
1079 747 1265 781 consilium
1291 747 1329 780 in
1355 746 1556 789 occupando
1582 755 1692 789 regno

307 809 482 853 probavit,
501 814 535 842 et
554 809 689 842 exitum
708 818 810 851 saepe
828 806 1016 850 praedixit.
1069 804 1219 848 Scripsit

456 865 737 900 Commentarios
755 864 793 897 in
811 863 932 897 Biblia
1342 861 1402 895 lib.
1423 870 1448 894 1.

455 922 509 956 De
528 921 724 965 Republica
743 920 949 954 Christiana
1345 918 1404 952 lib.
1426 927 1450 951 1.

458 979 623 1024 Hymnos
643 989 759 1012 sacros
1345 975 1405 1009 lib.
1425 985 1449 1009 1.

456 1036 511 1070 De
529 1035 778 1069 inaestimabili
796 1034 1007 1068 Dilectionis
1025 1034 1168 1067 divinae
1182 1033 1325 1068 Effectu
1342 1033 1403 1067 lib.
1424 1042 1449 1066 Ι.

457 1093 636 1126 Passionis
655 1091 790 1125 Christi
810 1091 955 1135 Typum
1345 1090 1405 1124 lib.
1425 1099 1450 1122 Ι.

456 1149 511 1183 De
529 1148 787 1183 Incarnationis
806 1147 981 1192 Mysterio
1344 1147 1404 1181 lib.
1425 1156 1449 1180 1.
1484 1146 1583 1186 Quae
1597 1147 1635 1179 in
1648 1145 1697 1179 bi-

506 1206 679 1240 bliotheca
696 1205 856 1238 Sconana
873 1205 1029 1239 extraxit
1046 1204 1147 1239 furor
1164 1205 1433 1244 haereticorum,
1458 1208 1493 1238 et
1516 1204 1599 1248 igne
1616 1214 1696 1237 con-

507 1263 658 1306 sumpsit
671 1272 680 1302 ;
701 1262 756 1295 vir
773 1264 892 1294 tamen
905 1262 985 1305 pius
998 1263 1185 1296 memorias
1199 1263 1338 1306 apicum
1352 1263 1475 1295 saltem
1490 1261 1696 1294 vindicavit.

359 1321 461 1356 Vixit
479 1331 571 1354 anno
591 1327 777 1352 MXXXIX.
830 1317 979 1358 Colitur,
1006 1319 1149 1363 templis
1167 1320 1198 1353 ei
1216 1319 1325 1353 variis
1342 1319 1442 1364 regni
1461 1319 1545 1352 locis
1563 1318 1697 1357 erectis,

313 1379 369 1412 die
386 1386 491 1412 xxil.
511 1376 739 1420 Septembris.
792 1374 955 1408 Breviar.
975 1374 1068 1408 Scot.

733 1473 768 1506 S.
796 1472 1146 1507 LAUSTRANUS.
1202 1476 1283 1511 791.

314 1550 348 1583 S.
377 1550 661 1587 LAUSTRANUS,
687 1547 870 1590 episcopus
897 1546 1045 1586 Scotiae,
1072 1548 1133 1581 sed
1158 1548 1332 1581 incertum
1358 1547 1459 1592 cujus
1485 1547 1588 1586 sedis,
1615 1548 1699 1582 dum

314 1605 553 1640 controversia
571 1605 768 1650 agitaretur
785 1603 828 1636 de
845 1607 993 1636 tonsura
1010 1605 1171 1644 clericali,
1190 1609 1226 1638 et
1249 1605 1480 1638 celebratione
1505 1604 1699 1644 paschatis,

314 1667 354 1696 ut
371 1674 473 1706 saepe
491 1662 557 1695 hoc
578 1672 682 1704 opere
699 1664 753 1694 est
770 1660 916 1693 dictum.
961 1660 1100 1694 Extant
1112 1666 1197 1695 tom.
1214 1670 1274 1695 111.
1290 1661 1478 1695 Concilior.
1497 1662 1535 1695 in
1553 1662 1699 1695 decretis

319 1719 470 1753 Honorii
499 1718 527 1752 I.
554 1729 629 1762 cap.
658 1726 747 1751 xix.
783 1728 864 1762 pag.
898 1726 1017 1751 LXIII.
1055 1718 1141 1752 haec
1170 1718 1299 1752 verba:
1336 1723 1357 1738 “
1383 1717 1632 1752 Dilectissimis
1668 1724 1702 1752 et

316 1776 546 1810 sanctissimis
566 1774 778 1814 Thomiano,
797 1774 1028 1814 Columbano,
1047 1774 1260 1815 Chromano,
1281 1775 1446 1814 Dimano‚
1465 1774 1641 1815 Bathano,
1667 1781 1701 1808 et

319 1833 528 1872 Laustrano,
561 1831 760 1875 episcopis3
791 1830 1003 1870 Chromano,
1034 1830 1251 1871 Hermanno,
1283 1831 1448 1870 Stellano,
1479 1836 1514 1865 et
1539 1831 1701 1877 Segiano,

318 1889 555 1933 presbyteris;
584 1887 730 1927 Sarano,
757 1888 972 1931 caeterisque
998 1888 1199 1922 doctoribus
1226 1893 1262 1922 et
1284 1888 1469 1921 abbatibus
1488 1888 1611 1927 Sectis,
1636 1888 1703 1922 Hi-

320 1946 429 1980 larius
460 1944 752 1989 archipresbyter,
789 1949 824 1977 et
854 1955 998 1977 servans
1028 1945 1143 1978 locum
1171 1945 1205 1978 S.
1232 1945 1323 1978 sedis
1349 1945 1570 1988 apostolicae,
1597 1945 1703 1979 Joan-

320 2013 381 2036 nes
400 2003 579 2041 diaconus,
597 2006 632 2035 et
649 2001 687 2034 in
704 2000 772 2034 Dei
791 2001 933 2034 nomine
959 2001 1099 2040 electus,
1126 2002 1212 2035 item
1235 2001 1390 2035 Joannes
1413 2001 1645 2044 primicerius,
1669 2008 1704 2036 et

324 2069 469 2093 servans
495 2060 609 2092 locum
636 2057 672 2090 S.
700 2058 792 2091 sedis
817 2057 1037 2100 apostolicae,
1064 2063 1099 2091 et
1121 2058 1277 2092 Joannes
1301 2068 1424 2091 servus
1447 2057 1526 2097 Dei,
1545 2059 1704 2093 consilia-

326 2117 399 2150 rius
419 2116 575 2161 ejusdem
594 2115 806 2158 apostolicae
825 2114 949 2147 sedis?
999 2114 1075 2148 Nec
1095 2116 1197 2159 plura
1215 2115 1257 2148 de
1276 2115 1346 2153 illo,
1370 2115 1471 2159 cujus
1490 2116 1703 2150 mentionem

322 2185 401 2208 cum
420 2173 498 2206 aliis
518 2183 589 2205 non
607 2171 682 2205 fieri
702 2170 745 2204 ab
765 2170 917 2204 Hectore
936 2170 1088 2205 Boethio
1105 2171 1165 2205 lib.
1184 2180 1238 2204 IX.
1258 2171 1359 2204 valde
1373 2171 1537 2211 demiror,
1553 2174 1704 2206 maxime

323 2241 402 2264 cum
421 2230 479 2263 ille
497 2229 587 2262 hanc
605 2228 788 2272 epistolam
807 2227 936 2266 laudet,
955 2231 990 2261 et
1007 2229 1177 2272 quosdam
1196 2229 1233 2262 in
1253 2239 1292 2262 ea
1318 2228 1517 2262 nominatos
1543 2229 1702 2263 celebret.

324 2287 484 2331 Scripsit,
502 2291 544 2319 ut
561 2289 729 2319 contextu
747 2284 915 2327 epistolae
932 2284 1027 2318 illius
1045 2290 1152 2329 patet,

471 2342 652 2387 Epistolas
671 2342 715 2375 ad
734 2340 913 2375 Hilarium
932 2345 968 2375 et
985 2347 1116 2376 ceteros
1353 2342 1413 2377 lib.
1435 2352 1459 2377 1.

373 2399 475 2434 Vixit
493 2410 585 2433 anno
604 2406 773 2432 Dcnxw.

999 2462 1027 2488 N
