2060 2848
664 321 838 354 GENTIS
862 321 1136 361 SCOTORUM‚
1160 321 1249 354 LIB.
1273 322 1369 355 XIV.
1639 321 1703 352 51³

650 468 684 504 S.
709 469 933 504 ORONIUS
957 468 1240 504 MODESTUS.
1290 471 1376 508 977.

315 582 351 617 S.
369 582 567 622 ORONIUS,
593 586 826 628 cognomento
844 582 1039 622 Modestus,
1061 586 1125 616 aut
1149 581 1317 622 Oranius,
1341 586 1405 617 aut
1429 581 1610 623 Orenfius,
1637 587 1699 616 aut

323 638 506 678 Orantius,
532 639 571 673 in
592 639 707 673 indice
724 639 893 684 anonymi
914 637 1085 684 Magnus
1106 639 1213 673 etiam
1236 638 1347 678 audit,
1371 638 1633 683 imperatoriam
1651 649 1703 673 se—

323 699 426 729 cutus
455 697 573 730 aulam
604 695 786 730 Palatinos
811 696 961 730 honores
986 696 1118 741 attigit,
1145 695 1202 729 cui
1228 695 1448 740 epitaphium
1474 696 1616 729 solenne
1641 705 1701 739 ap-

322 752 438 798 pingit
454 752 653 788 Venantius
671 753 951 787 Fortunatianus
968 752 1029 786 lib.
1051 760 1104 786 IV.
1123 752 1383 798 Epigrammat.
1404 760 1521 787 XXIV.

624 824 690 852 Non
703 823 750 852 hic
764 827 860 852 nostru
873 823 925 851 diu
938 822 1062 860 fugienti
1076 828 1203 861 tempore
1216 823 1285 856 vita,

660 870 744 904 Quae
758 869 811 898 sub
825 869 881 897 fine
894 869 974 897 brevi
988 869 1037 897 vix
1050 870 1140 902 venit,
1154 869 1221 898 inde
1235 869 1319 899 redit.

622 915 697 945 Ecce
711 915 818 944 caduca
831 915 928 944 volant
941 916 1102 953 praesentia
1115 916 1210 944 secula
1223 916 1334 950 mundi,

660 962 726 990 Sola
740 961 810 990 fides
823 961 920 990 meriti
934 961 1024 990 nescit
1038 961 1142 990 honore
1155 961 1235 990 mori.

620 1007 772 1036 Clauditur
785 1007 833 1036 hic
845 1007 956 1046 pollens
970 1007 1110 1035 Orentius
1122 1007 1173 1036 ille
1186 1007 1326 1045 sepultus,

659 1054 714 1082 Cui
730 1053 861 1082 Palatina
872 1053 952 1092 prius
965 1053 1070 1081 mansit
1084 1058 1182 1091 aperta
1195 1052 1303 1082 domus.

619 1099 752 1129 Consiliis
765 1099 877 1133 habilis,
891 1099 1036 1137 regalique
1049 1099 1170 1127 intimus
1182 1099 1258 1133 aula,

659 1146 800 1175 Obtinuit
813 1145 920 1174 celsum
934 1145 1038 1183 diguus
1051 1146 1082 1173 in
1095 1155 1159 1174 arce
1172 1145 1275 1174 locum.

620 1192 674 1220 Vir
687 1192 809 1230 sapiens,
820 1192 928 1230 justus,
941 1191 1114 1226 moderatus,
1128 1192 1274 1225 honestus,
1288 1198 1409 1227 amatus,

658 1238 723 1267 Hoc
736 1239 832 1277 rapuit
846 1238 954 1267 mundo
967 1238 1043 1276 quod
1056 1238 1128 1266 bene
1141 1238 1229 1276 gessit
1242 1238 1333 1268 homo.

621 1284 776 1323 Sexaginta
789 1285 870 1313 annis
884 1285 933 1313 vix
946 1284 1069 1322 implens
1082 1289 1210 1322 tempora
1223 1284 1305 1318 lucis,

656 1331 786 1369 Conjuge
801 1331 918 1359 Nicasia
931 1341 988 1368 qua
1001 1330 1165 1359 tumulante
1177 1331 1265 1359 cubat
1272 1341 1284 1365 ;

619 1378 710 1415 Cujus
723 1383 819 1406 castus
832 1387 909 1406 amor
922 1377 989 1405 colit
1003 1377 1064 1415 ipsa
1077 1377 1228 1414 sepulchra
1241 1377 1348 1412 mariti,

658 1424 720 1453 Nec
733 1424 874 1462 placitura
886 1423 1004 1457 homiui,
1018 1422 1069 1452 sed
1083 1423 1164 1452 dedit
1178 1433 1239 1452 esse
1252 1423 1319 1452 Dei.

369 1488 545 1523 Ultimum
565 1499 707 1522 versum
723 1493 811 1532 puto
830 1493 1047 1532 corruptum,
1061 1498 1143 1521 nam
1158 1489 1236 1522 vult
1249 1493 1352 1532 poeta
1365 1487 1544 1524 Nicasiam
1558 1491 1696 1526 Orentii

321 1555 465 1578 uxorem
483 1555 664 1589 nunquam
683 1545 726 1578 de
743 1544 904 1577 secundis
922 1544 1057 1588 nuptiis
1075 1544 1258 1590 cogitasse,
1276 1545 1337 1578 sed
1354 1545 1538 1591 religiosae
1556 1548 1650 1582 vitae
1662 1559 1699 1582 se

319 1601 517 1641 addixisse3
540 1601 660 1645 itaque
677 1600 819 1646 refinge,

620 1686 682 1714 Nec
694 1685 835 1724 placitura
848 1685 966 1719 homini,
981 1694 1012 1714 se
1025 1685 1106 1714 dedit
1119 1694 1180 1714 esse
1194 1685 1261 1714 Dei.

368 1764 467 1798 Idem
485 1764 544 1798 ille
561 1768 625 1804 est,
642 1768 685 1798 ut
701 1768 800 1808 puto,
826 1763 926 1809 [qui]
952 1763 1282 1808 Carpentoractensi
1308 1765 1455 1800 concilio
1479 1766 1697 1812 subscripsit,

319 1825 362 1854 ut
386 1820 424 1853 in
449 1824 534 1854 tom.
554 1830 614 1854 111.
633 1820 820 1854 Concilior.
839 1825 959 1854 extat:
981 1831 1064 1854 sane
1081 1831 1161 1854 eum
1180 1820 1323 1855 Sedulio
1340 1822 1536 1868 conjungit,
1554 1827 1589 1857 et
1605 1823 1699 1858 inter

322 1881 441 1920 poetas
477 1882 612 1911 veteres
643 1876 864 1911 Christianos
899 1878 1044 1911 collocat
1076 1877 1169 1910 idem
1202 1876 1481 1912 Fortunatianus
1510 1878 1571 1913 lib.
1599 1889 1625 1914 1.
1654 1881 1698 1914 de

321 1932 406 1967 Vita
423 1932 458 1966 S.
478 1933 638 1967 Martini.

619 2025 699 2053 Hinc
711 2034 825 2064 quoque
838 2025 981 2064 conspicui
995 2025 1116 2054 radiavit
1130 2025 1228 2063 lingua
1242 2025 1353 2060 Seduli,

619 2071 768 2111 Paucaque
781 2072 951 2111 perstrinxit
964 2071 1075 2101 florenti
1091 2072 1230 2101 Orentius
1243 2082 1299 2101 ore.

370 2159 474 2192 Certe
503 2158 652 2192 eundem
682 2169 757 2192 esse
791 2163 931 2202 poetam
961 2158 1204 2193 Christianum
1234 2159 1409 2193 Orentum
1442 2164 1478 2194 et
1509 2160 1697 2198 Orentium

322 2215 536 2254 Palatinum,
563 2215 664 2260 cujus
690 2215 909 2259 epitaphium
931 2226 1039 2258 supra
1055 2215 1224 2254 recensui,
1249 2215 1431 2251 existimat
1455 2226 1491 2250 v.
1510 2226 1573 2252 eL.
1597 2218 1699 2253 Chri·

321 2271 509 2315 stophorus
530 2270 729 2305 Browerus.
780 2271 928 2315 Scripsit
946 2271 1004 2305 hic

467 2327 634 2362 Carmina
650 2338 749 2361 sacra
1203 2328 1263 2363 lib.
1284 2338 1308 2363 1.

371 2384 510 2419 Floruit
527 2395 620 2420 anno
638 2392 779 2419 cchv.
805 2389 846 2419 ut
867 2384 1078 2429 quibusdam
1104 2384 1193 2420 falso
1219 2386 1372 2427 videtur,
1397 2387 1458 2421 sed
1482 2386 1619 2423 facilius
1644 2393 1696 2422 est
