2060 2848
704 312 880 346 GENTIS
905 311 1182 351 SCOTORUM,
1207 311 1296 343 LIB.
1322 311 1386 343 IX.
1682 309 1745 342 393

354 411 447 456 apud
477 419 605 454 papam
636 411 714 442 eam
740 413 884 442 strenue
909 406 1140 446 defendendo,
1167 406 1253 440 dum
1279 406 1339 439 ille
1365 403 1538 439 Scoticam
1564 405 1744 439 ecclesiam

353 468 420 502 sibi
438 467 633 512 subjectam
651 465 887 500 contenderet.
940 463 1090 509 Scripsit

499 523 747 568 Epistolarum
765 523 811 556 ad
828 522 987 556 diversos
1242 520 1304 555 lib.
1325 529 1350 554 1.

499 581 544 615 In
561 580 760 627 Evangelia
777 579 1014 614 Dominicalia
1240 578 1301 613 lib.
1322 587 1348 612 1.

499 638 671 673 Rationes
690 637 808 684 Regni
826 636 1099 671 administrandi
1245 636 1306 670 lib.
1326 645 1351 670 1.

402 697 638 732 consecratus
655 699 710 743 est
727 706 820 729 anno
839 703 1016 729 Mchrv.

682 809 706 844 J
708 808 907 844 ACOBUS
932 808 955 843 J
958 807 1278 843 OHNSTONUS.
1332 810 1414 845 737.

354 926 534 960 JACOBUS
552 925 787 964 Johnstonus,
814 924 871 957 vir
887 924 1024 964 doctus,
1052 922 1219 967 domique
1244 924 1371 964 clarus,
1399 933 1530 970 magna
1554 923 1748 957 medicinae

356 984 501 1017 clinicae
518 982 625 1023 fama,
645 982 788 1026 scripsit
1336 1000 1340 1004 —

501 1039 557 1079 De
576 1039 713 1073 Plantis
732 1038 880 1073 Scoticis
1246 1039 1307 1073 lib.
1328 1048 1352 1072 1.

403 1097 506 1132 Vivit
523 1097 639 1132 adhuc
657 1097 694 1131 in
712 1096 840 1141 patria.

656 1210 941 1246 ARTHURUS
967 1210 991 1244 J
993 1209 1312 1246 OHNSTONUS.
1365 1214 1448 1249 738.

357 1327 585 1362 ARTHURUS
598 1326 621 1360 J
623 1327 833 1367 ohnstonus,
848 1326 985 1360 familia
999 1325 1248 1367 Karskibenia,
1265 1328 1445 1371 praeclaro
1462 1327 1606 1374 ingenio
1620 1328 1753 1362 adoles-

360 1396 452 1424 cens,
487 1385 699 1418 doctoralem
731 1384 768 1417 in
798 1383 973 1418 medicina
1008 1383 1144 1428 apicem
1174 1383 1317 1418 Patavii
1348 1395 1429 1419 cum
1458 1385 1563 1420 laude
1592 1385 1752 1430 adeptus.

360 1441 509 1486 Scripsit
771 1442 772 1445 ’

504 1498 777 1544 Epigrammata
795 1498 894 1532 varia
1252 1499 1313 1533 lib.
1334 1508 1360 1532 1.

506 1556 676 1591 Poemata
692 1556 825 1591 Latina
1248 1556 1309 1591 lib.
1330 1566 1354 1590 1.
1373 1562 1409 1591 et
1427 1557 1505 1591 alia.

409 1605 452 1639 In
470 1604 624 1640 Scotiam
644 1617 819 1645 reversus,
836 1609 878 1639 ut
895 1609 994 1649 puto,
1013 1615 1095 1639 suos
1113 1610 1227 1639 ornat.

829 1718 1146 1753 INGERAMUS.
1200 1722 1283 1758 739.

361 1835 623 1875 INGERAMUS,
637 1834 731 1880 juris
749 1833 921 1878 pontificii
939 1834 1074 1874 doctor,
1100 1845 1146 1869 ex
1162 1835 1286 1876 veteri,
1312 1843 1354 1870 ut
1377 1836 1544 1877 creditur,
1568 1837 1755 1873 Lindsaio—

360 1902 440 1925 rum
458 1891 604 1931 familia,
622 1890 849 1929 Aberdoniae
867 1900 938 1925 XX.
957 1891 1117 1932 antistes,
1138 1891 1292 1926 Romam
1311 1893 1356 1927 ab
1368 1892 1586 1935 Alexandro,
1601 1896 1755 1940 quodam

362 1948 475 1982 aulico
493 1948 734 1992 episcopatum
761 1949 949 1990 ambiente,
975 1954 1152 1989 evocatus,
1179 1961 1200 1983 a
1225 1950 1390 1994 pontifice
1416 1951 1654 1992 confirmatus,
1681 1954 1755 1987 suis

362 2005 576 2044 carissimus,
596 2005 740 2039 domum
759 2006 875 2046 rediit,
894 2008 1066 2050 templum
1090 2008 1403 2051 metropolitanum
1430 2009 1575 2043 mirifice
1602 2011 1754 2049 ornavit,

364 2067 385 2081 “
403 2067 568 2096 constans
587 2062 625 2095 in
642 2063 837 2106 promissis,
856 2064 1060 2108 splendidus
1078 2064 1117 2098 in
1140 2063 1296 2098 familiae
1314 2065 1422 2105 victu,
1448 2077 1575 2110 parcus
1600 2067 1638 2100 in
1659 2069 1754 2107 suo‚”

362 2120 413 2153 ait
431 2118 566 2153 Hector
583 2119 757 2153 Boethius
776 2121 813 2154 in
831 2121 917 2155 vita.
969 2120 1117 2165 Scripsit

507 2175 551 2209 In
569 2181 710 2210 sextum
728 2176 968 2212 Decretalium
986 2183 1178 2219 accuratas,
1196 2183 1232 2213 et
1249 2179 1389 2214 erudito
1406 2180 1485 2215 viro
1499 2181 1624 2228 dignas
1639 2180 1755 2216 Enar-

556 2233 722 2274 rationes,
1254 2236 1314 2270 lib.
1335 2246 1360 2271 1.

507 2290 552 2324 In
570 2290 809 2326 clementinas
1254 2295 1314 2329 lib.
1334 2303 1359 2328 Ι.
1378 2306 1469 2340 quae
1486 2307 1593 2341 opera
1610 2302 1744 2331 extant.

508 2347 551 2381 In
578 2347 760 2394 Epistolas
787 2348 891 2384 Pauli
918 2350 1200 2387 Commentarios
1234 2352 1423 2397 inceperat,
1452 2354 1513 2387 sed
1543 2365 1614 2388 non
1642 2355 1755 2389 absol-

558 2406 622 2440 vit.
