2060 2848
395 304 459 336 574
771 303 1005 337 HISTORIA
1029 304 1402 339 ECCLESIASTICA

399 399 557 434 minatur
588 398 653 433 Ivo
684 399 913 435 Carnotensis
943 399 1062 445 Epist.
1096 408 1168 434 v11.
1197 404 1233 435 et
1261 399 1474 435 Franciscus
1503 400 1652 438 Juretus
1683 404 1791 439 verba

398 457 562 500 producit
595 455 760 491 Anselmi
794 457 932 492 abbatis
969 457 1156 493 Beccensi‘s
1206 458 1252 493 ad
1293 458 1488 493 Fulconem
1536 459 1789 496 Beluacensem

397 515 626 560 episcopum:
664 519 685 535 “
712 515 845 556 Audio,
880 515 976 560 quod
1010 520 1130 550 tamen
1167 515 1300 561 absque
1334 516 1515 551 dubietate
1544 518 1684 552 credere
1718 530 1790 553 non

396 583 553 617 possum,
580 573 666 618 quia
691 572 901 607 Roscelinus
931 573 1078 607 clericus
1108 573 1195 607 dicit
1223 574 1263 607 in
1291 573 1370 608 Deo
1398 578 1470 608 tres
1505 585 1581 609 esse
1610 586 1790 620 personas,

395 640 470 664 esse
505 635 578 665 tres
614 630 659 664 ab
691 630 844 664 invicem
880 635 1073 675 separatas,
1106 631 1199 665 sicut
1230 635 1303 665 tres
1338 631 1468 677 angeli,
1505 632 1558 666 ita
1591 637 1712 667 tamen
1748 639 1791 668 ut

397 698 469 721 una
508 688 555 722 sit
596 689 762 722 voluntas
800 692 836 723 et
873 688 1063 731 potestas.’'
1114 687 1224 721 Hunc
1259 698 1415 722 errorem
1453 689 1596 724 videtur
1630 691 1791 725 docuisse

398 749 539 780 tantum
578 755 658 780 cum
692 745 818 790 junior
857 749 961 784 esset,
997 749 1032 779 et
1067 748 1191 790 postea
1223 745 1437 789 resipuisse;
1476 756 1560 780 nam
1595 757 1641 782 ex
1677 749 1790 782 literis

397 802 432 836 S.
459 802 635 843 Anselmi,
661 813 683 836 a
707 802 924 836 monasterio
954 801 1123 836 Beccensi
1157 802 1203 835 ad
1234 801 1578 847 archiepiscopatum
1603 804 1791 839 cantuari-

397 871 516 894 ensem
561 860 736 900 translati,
779 859 892 903 liquet
934 859 1028 894 datis
1071 859 1116 893 ad
1150 858 1339 893 Urbanum
1380 870 1522 904 papam,
1564 871 1642 895 eam
1688 862 1790 896 illum

394 918 568 952 haeresim
607 917 790 963 abjurasse
819 917 858 950 in
894 917 1042 951 concilio
1071 917 1167 962 quod
1197 916 1397 951 Rainaldus
1436 917 1649 953 Rhemensis
1678 919 1792 953 archi-

394 976 579 1020 episcopus
608 974 811 1015 indixerat3
847 978 882 1009 et
912 974 1078 1009 credibile
1108 979 1172 1015 est,
1204 974 1369 1021 abjurato
1398 986 1517 1010 errore
1545 976 1608 1010 illo
1638 977 1683 1011 ad
1720 978 1791 1022 epi-

393 1038 577 1078 scopatum
611 1032 721 1067 fuisse
755 1033 856 1066 illum
891 1037 1107 1076 promotum,
1141 1033 1205 1077 qui
1234 1037 1355 1067 tamen
1384 1044 1449 1067 nec
1478 1033 1517 1067 in
1550 1033 1682 1068 tabulis
1721 1034 1791 1069 De-

392 1091 580 1131 mocharis,
616 1101 680 1124 nec
710 1090 805 1134 apud
835 1090 961 1130 uuum,
991 1090 1087 1134 quod
1121 1090 1242 1130 sciam,
1276 1091 1493 1125 nostratium
1526 1090 1789 1127 historicorum.

394 1148 592 1193 Scripserat

540 1205 595 1239 De
614 1204 792 1240 Trinitate
1288 1204 1349 1239 lib.
1369 1214 1395 1239 1.

539 1262 595 1297 De
613 1261 845 1306 Philosophia
861 1261 1092 1297 Aristotelica
1286 1262 1349 1296 lib.
1368 1271 1394 1296 1.

541 1320 675 1355 Contra
692 1319 831 1360 Reales,
849 1330 915 1364 pro
931 1319 1195 1361 Nominalibus,
1284 1319 1345 1354 lib.
1364 1328 1392 1354 1.
1444 1319 1558 1366 Cujus
1579 1324 1693 1355 sectae
1711 1332 1792 1356 auc-

590 1378 773 1412 toritatem
790 1388 864 1411 non
882 1377 1090 1424 vulgariter,
1113 1377 1175 1411 sed
1193 1378 1317 1412 multis
1334 1381 1416 1422 post
1433 1378 1548 1417 annis,
1565 1385 1793 1423 promoverat

590 1434 788 1469 Gulielmus
807 1435 989 1469 Ockamus
1006 1434 1150 1481 Anglus
1165 1445 1174 1470 t
1196 1436 1258 1470 sed
1276 1440 1396 1470 tamen
1413 1436 1574 1470 inventio
1599 1435 1792 1471 Ruscelino

589 1492 695 1528 Scoto
712 1493 872 1533 debetur,
890 1503 996 1538 quem
1014 1504 1081 1539 ego
1098 1503 1194 1527 nunc
1210 1493 1256 1527 ab
1274 1504 1356 1528 orco
1373 1498 1580 1528 revocatum
1597 1494 1675 1528 luce
1698 1495 1791 1529 dono

584 1551 750 1585 recidiva.

441 1608 581 1643 Floruit
600 1619 695 1642 anno
714 1616 834 1642 MCXI.
853 1618 925 1652 quo
943 1612 1102 1652 tempore
1119 1607 1260 1649 obierit,
1277 1618 1350 1643 non
1367 1618 1496 1642 assero.

766 1722 1040 1757 ROBERTUS
1066 1721 1245 1757 ABBAS.
1299 1721 1406 1757 1086.

391 1840 623 1879 Ronanus,
659 1843 894 1885 cognomento
933 1839 977 1872 de
1012 1837 1207 1879 Keldelith,
1243 1838 1299 1872 vir
1328 1838 1422 1872 claro
1452 1838 1627 1886 sanguine
1661 1846 1697 1875 et
1726 1851 1789 1875 no-

389 1898 451 1931 bili
471 1897 625 1943 ingenio,
652 1896 753 1942 regni
778 1896 916 1930 Scotiae
939 1896 1179 1937 cancellarius,
1206 1906 1325 1930 amore
1351 1896 1504 1936 coelesti,
1530 1906 1577 1930 an
1603 1897 1787 1932 turbulen-

389 1960 508 1988 torum
525 1964 712 1998 procerum
729 1958 830 1987 motu
848 1954 1007 1994 territus,
1027 1964 1073 1987 an
1096 1954 1216 1998 aliqua
1238 1954 1308 1987 alia
1325 1963 1442 1993 causa,
1467 1958 1688 1998 compertum
1712 1966 1785 1990 non

388 2012 512 2052 habeo,
537 2011 576 2045 in
601 2011 817 2045 monasterio
847 2010 1025 2045 Neubotel
1052 2010 1323 2045 Cisterciensem
1349 2010 1564 2045 monachum
1589 2011 1719 2053 induit,
1745 2024 1785 2048 ac

388 2073 511 2113 postea
540 2068 648 2104 abbas
675 2074 815 2103 creatus
841 2069 885 2103 de
909 2067 1171 2109 Dunfermelin,
1198 2068 1352 2113 indeque
1381 2069 1577 2103 translatus
1599 2071 1785 2105 crescenti-

388 2126 454 2160 bus
472 2126 671 2161 sanctitatis
688 2130 724 2160 et
747 2127 893 2161 virtutis
910 2126 1059 2166 meritis,
1084 2125 1217 2161 Joauni
1242 2126 1362 2161 abbati
1387 2126 1431 2160 de
1456 2125 1592 2161 Melros
1617 2126 1784 2162 defuncto

388 2183 555 2217 successit
571 2183 690 2223 abbas,
712 2195 785 2218 non
810 2184 887 2218 sine
912 2184 1070 2218 maxima
1093 2184 1294 2218 sanctitatis
1319 2184 1497 2229 opinione.
1548 2183 1784 2219 Scotichroni-

388 2250 453 2274 con
471 2240 531 2275 lib.
550 2249 590 2274 x.
608 2251 686 2285 cap.
703 2250 822 2276 xxw.
871 2240 1025 2286 Scripsit

537 2297 592 2332 De
608 2297 834 2334 Successione
851 2298 1037 2334 Abbatum
1053 2299 1097 2333 de
1114 2298 1248 2334 Melros
1278 2298 1339 2334 lib.
1362 2307 1387 2333 Ι.
