2118 2854
679 322 854 356 GENTIS
879 322 1157 360 SCOTORUM,
1183 324 1272 355 LIB.
1297 324 1394 356 VIII.
1671 324 1731 354 341

394 418 532 453 Claruit
546 428 638 451 anno
654 425 757 451 MLX.
794 416 934 452 Colitur
947 417 1003 451 die
1018 426 1123 452 XXII.
1139 416 1278 462 Aprilis
1292 422 1327 452 et
1342 425 1411 452 XV.
1427 416 1598 451 Februar.
1636 418 1732 453 Mar-

346 477 450 521 tyrol.
470 475 697 510 Carthusian.

801 589 837 624 S.
867 588 1139 624 HILWARIS.
1192 587 1276 623 642.

346 704 381 738 S.
403 704 631 745 HILWARIS‚
647 706 750 751 virgo
769 704 884 745 Scota,
903 704 1005 750 cujus
1023 704 1157 738 mentio
1175 705 1213 738 in
1232 704 1308 739 vita
1325 711 1532 740 coaetaneae
1555 710 1591 740 et
1608 716 1734 750 aequa-

348 763 390 795 lis
411 773 494 795 suae
512 761 548 796 S.
570 762 704 802 Oddae,
723 768 764 796 ut
782 773 826 796 ex
844 762 996 796 vetustis
1023 762 1255 806 scriptoribus
1282 762 1447 797 observat
1466 762 1645 803 Molanus,
1672 774 1735 797 nec

346 831 430 853 vero
448 820 532 853 alibi
552 820 594 853 de
619 832 661 854 ea
683 821 874 864 quicquam
899 824 1131 863 compertum,
1157 819 1227 853 nisi
1253 830 1325 854 una
1351 831 1431 854 cum
1458 819 1562 854 Odda
1588 820 1736 854 Rhodae

346 877 536 920 quiescere,
555 883 590 911 et
609 882 649 911 ut
668 878 734 911 loci
753 883 940 921 patronam
958 877 1137 910 honorari.

395 933 535 968 Claruit
553 945 647 968 anno
667 942 841 967 Dccxm.
893 933 1032 967 Colitur
1049 934 1106 967 die
1124 942 1263 967 xxux.
1283 933 1459 968 Novemb.
1511 933 1606 968 Acta
1622 935 1700 968 loci.

803 1048 837 1082 S.
866 1047 1146 1083 HONESTUS.
1198 1047 1280 1082 643.

346 1165 380 1198 S.
403 1163 636 1204 HONESTUS,
655 1165 853 1210 presbyter,
880 1163 1070 1203 confessor,
1089 1168 1124 1198 et
1142 1168 1349 1208 praeceptor
1375 1163 1410 1198 S.
1439 1163 1603 1205 Firmini,
1630 1165 1737 1209 primi

346 1222 500 1266 episcopi
525 1221 790 1262 Ambianensis,
819 1227 860 1256 ut
884 1232 992 1265 supra
1018 1220 1172 1255 Ghinius
1197 1232 1280 1267 pag.
1300 1230 1434 1256 LXIIX.
1462 1226 1485 1241 “
1502 1221 1674 1256 Ambiani
1701 1222 1739 1255 in

347 1277 463 1312 Gallia
480 1278 515 1311 S.
536 1278 702 1319 Firmini,
721 1279 828 1323 primi
847 1279 1006 1324 ejusdem
1031 1278 1188 1312 civitatis
1214 1278 1381 1323 episcopi,
1409 1284 1444 1313 et
1468 1280 1651 1324 martyris,
1676 1280 1738 1324 qui
1781 1300 1786 1305 ·

347 1347 390 1369 ex
411 1336 604 1369 Hiberniae
622 1336 785 1381 partibus
804 1336 848 1370 ab
868 1335 1030 1369 Honesto
1053 1335 1261 1380 presbytero
1286 1336 1401 1371 literis
1427 1337 1622 1371 eruditus.‘’
1674 1336 1739 1370 Pe-

347 1398 423 1427 trus
442 1393 501 1427 lib.
521 1402 611 1426 vlu.
630 1404 704 1437 cap.
724 1402 838 1427 cxlx.
860 1397 881 1412 “
900 1392 992 1426 Cum
1010 1396 1101 1426 esset
1115 1392 1231 1426 adhuc
1248 1403 1348 1437 puer,
1368 1394 1523 1428 traditus
1541 1398 1594 1428 est
1611 1395 1650 1428 in
1667 1394 1739 1428 dis-

347 1450 514 1494 ciplinam
533 1450 695 1484 Honesto
718 1450 926 1494 presbytero
952 1450 1060 1483 sacris
1086 1449 1199 1482 literis
1223 1449 1447 1491 imbuendus,
1474 1462 1539 1496 pro
1563 1451 1736 1491 Honesto,

343 1508 419 1552 jam
438 1518 531 1547 sene,
549 1507 821 1551 praedicationis
840 1506 993 1540 officium
1012 1507 1213 1550 supplens.’'
1265 1506 1426 1552 Uterque
1450 1510 1529 1543 vult
1554 1508 1590 1542 S.
1610 1508 1740 1542 Firmi-

347 1576 433 1598 num
460 1570 496 1599 et
522 1565 598 1610 ejus
626 1565 851 1599 educatorem
870 1563 905 1598 S.
925 1563 1129 1598 Honestum
1147 1564 1186 1597 in
1211 1563 1387 1598 Hibernia
1407 1570 1549 1606 ortum3
1577 1577 1648 1610 quo
1672 1566 1739 1600 loci

348 1633 412 1666 pro
431 1622 568 1656 Scotiae
586 1633 628 1656 ea
644 1626 746 1666 parte
764 1633 866 1665 quae,
885 1621 1066 1655 montibus
1078 1625 1113 1654 et
1126 1621 1227 1655 silvis
1246 1621 1403 1662 horrida,
1423 1621 1566 1656 Oceano
1580 1622 1737 1657 Oeciduo

348 1680 506 1718 alluitur,
524 1685 565 1713 ut
583 1679 621 1712 in
640 1679 904 1725 Martyrologio
922 1677 1085 1712 Romano
1103 1678 1160 1712 die
1179 1687 1265 1713 XVI.
1283 1678 1502 1720 Decembris,
1520 1680 1581 1714 ubi
1596 1680 1740 1714 ecclesia

347 1738 385 1770 in
405 1735 579 1770 Hibernia
599 1736 700 1780 ponit
713 1735 955 1769 Aberdoniam
970 1740 1146 1776 nostram3
1166 1746 1230 1770 nec
1250 1747 1334 1770 vero
1352 1736 1391 1770 in
1406 1735 1635 1771 Hirlandiam
1652 1737 1738 1771 haec

347 1794 521 1838 quadrare
539 1797 700 1837 possunt,
719 1803 800 1826 cum
819 1793 881 1826 diu
899 1797 980 1837 post
997 1798 1136 1826 sanctos
1156 1793 1242 1827 istos
1269 1793 1307 1826 in
1333 1793 1554 1828 idololatriae
1579 1794 1735 1828 tenebris

347 1851 550 1891 delituerit3
570 1861 654 1884 nam
672 1861 779 1883 senex
797 1854 873 1884 erat
893 1849 1076 1884 Honestus
1094 1851 1180 1884 dum
1198 1861 1288 1894 puer
1306 1854 1398 1884 esset
1419 1850 1613 1892 Firminus,
1632 1856 1667 1885 et
1681 1851 1738 1885 hic

347 1918 472 1951 passus
491 1919 584 1941 anno
602 1908 728 1941 aetatis
748 1916 862 1940 wa.
881 1907 1007 1941 salutis
1025 1915 1110 1941 ccc.
1137 1911 1179 1941 ut
1201 1908 1392 1952 plusquam
1418 1916 1477 1941 cc.
1505 1909 1590 1942 anni
1616 1919 1738 1942 nume-

348 1969 473 1998 rentur
490 1965 584 1998 inter
601 1965 710 2010 hujus
730 1965 996 2008 depositionem,
1014 1969 1050 1998 et
1075 1964 1229 2008 primam
1254 1964 1515 2009 primulamque
1543 1965 1737 1999 Hiberniae

349 2021 625 2061 conversionem,
646 2033 736 2066 quae
753 2032 817 2065 per
834 2021 870 2055 S.
890 2021 1088 2055 Patricium
1106 2020 1252 2055 Scotum
1269 2020 1374 2062 facta,
1400 2026 1436 2055 et
1459 2030 1527 2055 Lx.
1546 2022 1649 2055 annis
1676 2023 1737 2056 vix

348 2077 503 2121 perfecta
518 2087 526 2110 ε
553 2082 662 2122 atque
680 2078 787 2111 etiam
806 2078 836 2111 si
854 2078 992 2112 fabellis
1010 2078 1163 2112 anilibus
1181 2078 1278 2112 illius
1295 2078 1414 2123 gentis
1431 2079 1627 2120 credamus,
1642 2079 1737 2113 inter

348 2139 566 2183 senectutem
586 2134 752 2174 Honesti,
772 2139 807 2168 et
824 2135 983 2168 mulieris
1009 2134 1164 2168 Picticae
1189 2135 1286 2179 piam
1311 2135 1350 2168 in
1377 2134 1556 2169 Hibernos
1581 2147 1736 2181 operam,

348 2192 432 2225 anni
450 2197 534 2226 sunt
558 2192 746 2235 plusquam
774 2196 942 2234 centum;
970 2192 1146 2236 quomodo
1172 2192 1285 2238 igitur
1311 2191 1464 2226 Hiberni
1491 2192 1675 2228 Honestus
1701 2199 1736 2228 et

348 2249 426 2294 ejus
444 2250 610 2282 alumnus
629 2248 825 2288 Firminus,
852 2260 933 2282 cum
958 2249 1115 2293 primum
1140 2259 1206 2294 per
1228 2249 1393 2283 ancillam
1411 2248 1552 2284 Pictam
1570 2249 1735 2284 Christus

348 2306 391 2339 iis
409 2306 606 2340 innotuerit
621 2305 637 2338 ?
680 2305 840 2339 Fraudes
859 2310 944 2340 sunt
960 2305 1141 2346 suffuciae,
1168 2310 1204 2340 et
1219 2303 1290 2340 fuit
1308 2304 1491 2341 Honestus
1509 2307 1734 2351 splendidum

349 2363 554 2407 primitivae
572 2362 759 2397 Scotorum
778 2363 944 2397 ecclesiae
965 2362 1086 2408 jubar,
1112 2363 1211 2397 nulla
1227 2362 1323 2397 enim
1340 2374 1382 2397 ea
1398 2367 1512 2398 aetate
1530 2363 1733 2399 Christiana

347 2419 521 2454 Hibernia
537 2424 678 2464 praeter
697 2419 864 2454 Scotiam.
917 2419 1067 2464 Scripsit

1030 2484 1052 2510 C
