<?xml version="1.0" encoding="UTF-8"?>
<!DOCTYPE html PUBLIC "-//W3C//DTD XHTML 1.0 Transitional//EN"
    "http://www.w3.org/TR/xhtml1/DTD/xhtml1-transitional.dtd">
<html xmlns="http://www.w3.org/1999/xhtml" xml:lang="en" lang="en">
 <head>
  <title>
</title>
<meta http-equiv="Content-Type" content="text/html;charset=utf-8" />
  <meta name='ocr-system' content='tesseract 3.04.00' />
  <meta name='ocr-capabilities' content='ocr_page ocr_carea ocr_par ocr_line ocrx_word'/>
</head>
<body>
  <div class='ocr_page' id='page_1' title='image "./thomaedempster2102dempuoft_0098.png"; bbox 0 0 2060 2848; ppageno 0'>
   <div class='ocr_carea' id='block_1_1' title="bbox 385 296 1387 329">
    <p class='ocr_par' dir='ltr' id='par_1_1' title="bbox 385 296 1387 329">
     <span class='ocr_line' id='line_1_1' title="bbox 385 296 1387 329; baseline -0.001 0"><span class='ocrx_word' id='word_1_1' title='bbox 385 299 447 329; x_wconf 71' lang='lat'>428</span> <span class='ocrx_word' id='word_1_2' title='bbox 763 296 994 329; x_wconf 89' lang='lat' dir='ltr'><strong>HISTORIA</strong></span> <span class='ocrx_word' id='word_1_3' title='bbox 1019 296 1387 329; x_wconf 87' lang='lat' dir='ltr'><strong>ECCLESIASTICA</strong></span> 
     </span>
    </p>
   </div>
   <div class='ocr_carea' id='block_1_2' title="bbox 388 390 1780 2324">
    <p class='ocr_par' dir='ltr' id='par_1_2' title="bbox 388 390 1777 891">
     <span class='ocr_line' id='line_1_2' title="bbox 388 390 1773 436; baseline -0.001 -11"><span class='ocrx_word' id='word_1_4' title='bbox 388 392 446 425; x_wconf 93' lang='lat' dir='ltr'>lici</span> <span class='ocrx_word' id='word_1_5' title='bbox 465 390 601 425; x_wconf 87' lang='lat' dir='ltr'>Scotiae</span> <span class='ocrx_word' id='word_1_6' title='bbox 619 402 715 425; x_wconf 90' lang='lat' dir='ltr'>meae</span> <span class='ocrx_word' id='word_1_7' title='bbox 735 391 804 425; x_wconf 91' lang='lat' dir='ltr'>viri</span> <span class='ocrx_word' id='word_1_8' title='bbox 822 391 978 425; x_wconf 85' lang='lat' dir='ltr'>fuerunt.</span> <span class='ocrx_word' id='word_1_9' title='bbox 1014 391 1237 425; x_wconf 88' lang='lat' dir='ltr'>Constantin.</span> <span class='ocrx_word' id='word_1_10' title='bbox 1253 390 1407 424; x_wconf 88' lang='lat' dir='ltr'>Ghinius</span> <span class='ocrx_word' id='word_1_11' title='bbox 1421 401 1501 436; x_wconf 87' lang='lat' dir='ltr'>pag.</span> <span class='ocrx_word' id='word_1_12' title='bbox 1518 399 1662 424; x_wconf 80' lang='lat' dir='ltr'><strong>XXCIX.</strong></span> <span class='ocrx_word' id='word_1_13' title='bbox 1692 396 1712 410; x_wconf 78' lang='lat'>‘⁵</span> <span class='ocrx_word' id='word_1_14' title='bbox 1731 390 1773 424; x_wconf 91' lang='lat' dir='ltr'>In</span> 
     </span>
     <span class='ocr_line' id='line_1_3' title="bbox 389 447 1774 492; baseline -0.001 -10"><span class='ocrx_word' id='word_1_15' title='bbox 389 453 494 492; x_wconf 89' lang='lat' dir='ltr'>portu</span> <span class='ocrx_word' id='word_1_16' title='bbox 521 447 700 482; x_wconf 84' lang='lat' dir='ltr'>Gaudensi</span> <span class='ocrx_word' id='word_1_17' title='bbox 726 448 854 482; x_wconf 86' lang='lat' dir='ltr'>natalis</span> <span class='ocrx_word' id='word_1_18' title='bbox 884 447 919 481; x_wconf 98' lang='lat' dir='ltr'>S.</span> <span class='ocrx_word' id='word_1_19' title='bbox 945 447 1078 487; x_wconf 88' lang='lat' dir='ltr'>Livini,</span> <span class='ocrx_word' id='word_1_20' title='bbox 1106 449 1260 492; x_wconf 87' lang='lat' dir='ltr'>episcopi</span> <span class='ocrx_word' id='word_1_21' title='bbox 1285 453 1320 481; x_wconf 91' lang='lat' dir='ltr'>et</span> <span class='ocrx_word' id='word_1_22' title='bbox 1350 448 1540 492; x_wconf 88' lang='lat' dir='ltr'>martyris:</span> <span class='ocrx_word' id='word_1_23' title='bbox 1572 447 1629 480; x_wconf 91' lang='lat' dir='ltr'>hic</span> <span class='ocrx_word' id='word_1_24' title='bbox 1659 448 1774 481; x_wconf 90' lang='lat' dir='ltr'>adhuc</span> 
     </span>
     <span class='ocr_line' id='line_1_4' title="bbox 388 504 1775 549; baseline -0.001 -10"><span class='ocrx_word' id='word_1_25' title='bbox 388 516 476 549; x_wconf 90' lang='lat' dir='ltr'>puer</span> <span class='ocrx_word' id='word_1_26' title='bbox 492 506 531 538; x_wconf 89' lang='lat' dir='ltr'>in</span> <span class='ocrx_word' id='word_1_27' title='bbox 548 505 676 546; x_wconf 87' lang='lat' dir='ltr'>Scotia,</span> <span class='ocrx_word' id='word_1_28' title='bbox 696 517 769 539; x_wconf 92' lang='lat' dir='ltr'>non</span> <span class='ocrx_word' id='word_1_29' title='bbox 786 505 890 539; x_wconf 89' lang='lat' dir='ltr'>modo</span> <span class='ocrx_word' id='word_1_30' title='bbox 907 506 1049 549; x_wconf 81' lang='lat' dir='ltr'>pietate,</span> <span class='ocrx_word' id='word_1_31' title='bbox 1069 516 1192 539; x_wconf 90' lang='lat' dir='ltr'>verum</span> <span class='ocrx_word' id='word_1_32' title='bbox 1210 506 1317 539; x_wconf 86' lang='lat' dir='ltr'>etiam</span> <span class='ocrx_word' id='word_1_33' title='bbox 1336 504 1514 538; x_wconf 88' lang='lat' dir='ltr'><strong>miraculis</strong></span> <span class='ocrx_word' id='word_1_34' title='bbox 1533 505 1648 539; x_wconf 91' lang='lat' dir='ltr'>clarus</span> <span class='ocrx_word' id='word_1_35' title='bbox 1673 504 1775 538; x_wconf 84' lang='lat' dir='ltr'>fuit.”</span> 
     </span>
     <span class='ocr_line' id='line_1_5' title="bbox 389 560 1775 607; baseline 0 -11"><span class='ocrx_word' id='word_1_36' title='bbox 389 560 485 596; x_wconf 87' lang='lat' dir='ltr'>Eum</span> <span class='ocrx_word' id='word_1_37' title='bbox 504 561 539 596; x_wconf 89' lang='lat' dir='ltr'>S.</span> <span class='ocrx_word' id='word_1_38' title='bbox 559 562 763 602; x_wconf 88' lang='lat' dir='ltr'>Radbodus,</span> <span class='ocrx_word' id='word_1_39' title='bbox 782 563 965 606; x_wconf 88' lang='lat' dir='ltr'>episcopus</span> <span class='ocrx_word' id='word_1_40' title='bbox 984 561 1234 607; x_wconf 86' lang='lat' dir='ltr'>Trajectensis,</span> <span class='ocrx_word' id='word_1_41' title='bbox 1258 573 1302 595; x_wconf 88' lang='lat' dir='ltr'>ex</span> <span class='ocrx_word' id='word_1_42' title='bbox 1325 561 1459 607; x_wconf 86' lang='lat' dir='ltr'>Anglia</span> <span class='ocrx_word' id='word_1_43' title='bbox 1477 562 1615 595; x_wconf 89' lang='lat' dir='ltr'>venisse</span> <span class='ocrx_word' id='word_1_44' title='bbox 1641 563 1775 601; x_wconf 83' lang='lat' dir='ltr'>scribit,</span> 
     </span>
     <span class='ocr_line' id='line_1_6' title="bbox 389 619 1775 664; baseline -0.001 -11"><span class='ocrx_word' id='word_1_45' title='bbox 389 620 474 663; x_wconf 87' lang='lat' dir='ltr'>quia</span> <span class='ocrx_word' id='word_1_46' title='bbox 491 620 623 653; x_wconf 89' lang='lat' dir='ltr'>scilicet</span> <span class='ocrx_word' id='word_1_47' title='bbox 639 625 757 663; x_wconf 89' lang='lat' dir='ltr'>patres</span> <span class='ocrx_word' id='word_1_48' title='bbox 775 620 889 653; x_wconf 86' lang='lat' dir='ltr'>nostri</span> <span class='ocrx_word' id='word_1_49' title='bbox 911 630 952 652; x_wconf 88' lang='lat' dir='ltr'>eo</span> <span class='ocrx_word' id='word_1_50' title='bbox 979 630 1066 652; x_wconf 85' lang='lat' dir='ltr'>aevo</span> <span class='ocrx_word' id='word_1_51' title='bbox 1089 619 1409 664; x_wconf 87' lang='lat' dir='ltr'>peregrinationem</span> <span class='ocrx_word' id='word_1_52' title='bbox 1434 629 1535 652; x_wconf 88' lang='lat' dir='ltr'>suam</span> <span class='ocrx_word' id='word_1_53' title='bbox 1561 619 1775 663; x_wconf 84' lang='lat' dir='ltr'>incipiebant</span> 
     </span>
     <span class='ocr_line' id='line_1_7' title="bbox 388 675 1776 722; baseline -0.001 -13"><span class='ocrx_word' id='word_1_54' title='bbox 388 687 450 720; x_wconf 90' lang='lat' dir='ltr'>per</span> <span class='ocrx_word' id='word_1_55' title='bbox 467 675 648 722; x_wconf 86' lang='lat' dir='ltr'>Aninam,</span> <span class='ocrx_word' id='word_1_56' title='bbox 668 677 723 709; x_wconf 91' lang='lat' dir='ltr'>vel</span> <span class='ocrx_word' id='word_1_57' title='bbox 742 676 826 720; x_wconf 89' lang='lat' dir='ltr'>quia</span> <span class='ocrx_word' id='word_1_58' title='bbox 844 677 1031 720; x_wconf 85' lang='lat' dir='ltr'>pleraeque</span> <span class='ocrx_word' id='word_1_59' title='bbox 1057 676 1221 709; x_wconf 87' lang='lat' dir='ltr'>ecclesiae</span> <span class='ocrx_word' id='word_1_60' title='bbox 1247 687 1267 709; x_wconf 91' lang='lat' dir='ltr'>a</span> <span class='ocrx_word' id='word_1_61' title='bbox 1285 675 1400 709; x_wconf 82' lang='lat' dir='ltr'>scotis</span> <span class='ocrx_word' id='word_1_62' title='bbox 1426 686 1468 708; x_wconf 88' lang='lat' dir='ltr'>ea</span> <span class='ocrx_word' id='word_1_63' title='bbox 1490 675 1527 708; x_wconf 90' lang='lat' dir='ltr'>in</span> <span class='ocrx_word' id='word_1_64' title='bbox 1550 680 1656 720; x_wconf 90' lang='lat' dir='ltr'>gente</span> <span class='ocrx_word' id='word_1_65' title='bbox 1679 687 1776 721; x_wconf 89' lang='lat' dir='ltr'>rege-</span> 
     </span>
     <span class='ocr_line' id='line_1_8' title="bbox 389 732 1776 777; baseline -0.001 -10"><span class='ocrx_word' id='word_1_66' title='bbox 389 733 528 773; x_wconf 56' lang='lat' dir='ltr'>hautun</span> <span class='ocrx_word' id='word_1_67' title='bbox 546 740 588 767; x_wconf 87' lang='lat' dir='ltr'>ut</span> <span class='ocrx_word' id='word_1_68' title='bbox 605 745 707 777; x_wconf 83' lang='lat' dir='ltr'>saepe</span> <span class='ocrx_word' id='word_1_69' title='bbox 724 733 791 767; x_wconf 93' lang='lat' dir='ltr'>hoc</span> <span class='ocrx_word' id='word_1_70' title='bbox 809 744 912 776; x_wconf 90' lang='lat' dir='ltr'>opere</span> <span class='ocrx_word' id='word_1_71' title='bbox 930 737 1122 772; x_wconf 81' lang='lat' dir='ltr'>ostensum,</span> <span class='ocrx_word' id='word_1_72' title='bbox 1145 734 1201 765; x_wconf 92' lang='lat' dir='ltr'>vel</span> <span class='ocrx_word' id='word_1_73' title='bbox 1225 732 1310 776; x_wconf 91' lang='lat' dir='ltr'>quia</span> <span class='ocrx_word' id='word_1_74' title='bbox 1332 743 1411 775; x_wconf 91' lang='lat' dir='ltr'>spes</span> <span class='ocrx_word' id='word_1_75' title='bbox 1435 736 1511 765; x_wconf 89' lang='lat' dir='ltr'>erat</span> <span class='ocrx_word' id='word_1_76' title='bbox 1536 733 1691 776; x_wconf 86' lang='lat' dir='ltr'>aliquam</span> <span class='ocrx_word' id='word_1_77' title='bbox 1717 744 1776 766; x_wconf 91' lang='lat' dir='ltr'>eos</span> 
     </span>
     <span class='ocr_line' id='line_1_9' title="bbox 389 788 1777 835; baseline -0.001 -12"><span class='ocrx_word' id='word_1_78' title='bbox 389 790 561 835; x_wconf 83' lang='lat' dir='ltr'>evangelii</span> <span class='ocrx_word' id='word_1_79' title='bbox 593 791 707 823; x_wconf 90' lang='lat' dir='ltr'>lucem</span> <span class='ocrx_word' id='word_1_80' title='bbox 733 789 864 834; x_wconf 90' lang='lat' dir='ltr'>Anglis</span> <span class='ocrx_word' id='word_1_81' title='bbox 890 789 1005 822; x_wconf 89' lang='lat' dir='ltr'>adhuc</span> <span class='ocrx_word' id='word_1_82' title='bbox 1030 788 1229 822; x_wconf 88' lang='lat' dir='ltr'>infidelibus</span> <span class='ocrx_word' id='word_1_83' title='bbox 1258 799 1359 832; x_wconf 89' lang='lat' dir='ltr'>posse</span> <span class='ocrx_word' id='word_1_84' title='bbox 1385 788 1583 829; x_wconf 86' lang='lat' dir='ltr'>infundere,</span> <span class='ocrx_word' id='word_1_85' title='bbox 1611 790 1668 822; x_wconf 92' lang='lat' dir='ltr'>vel</span> <span class='ocrx_word' id='word_1_86' title='bbox 1694 800 1777 822; x_wconf 89' lang='lat' dir='ltr'>sane</span> 
     </span>
     <span class='ocr_line' id='line_1_10' title="bbox 389 844 1605 891; baseline -0.002 -11"><span class='ocrx_word' id='word_1_87' title='bbox 389 847 471 890; x_wconf 89' lang='lat' dir='ltr'>quia</span> <span class='ocrx_word' id='word_1_88' title='bbox 488 847 557 880; x_wconf 90' lang='lat' dir='ltr'>iter</span> <span class='ocrx_word' id='word_1_89' title='bbox 574 845 662 880; x_wconf 91' lang='lat' dir='ltr'>illud</span> <span class='ocrx_word' id='word_1_90' title='bbox 679 847 717 880; x_wconf 90' lang='lat' dir='ltr'>in</span> <span class='ocrx_word' id='word_1_91' title='bbox 736 846 868 880; x_wconf 87' lang='lat' dir='ltr'>Gallias</span> <span class='ocrx_word' id='word_1_92' title='bbox 887 850 940 879; x_wconf 89' lang='lat' dir='ltr'>est</span> <span class='ocrx_word' id='word_1_93' title='bbox 958 845 1293 879; x_wconf 86' lang='lat' dir='ltr'>commodissimum.</span> <span class='ocrx_word' id='word_1_94' title='bbox 1346 844 1404 878; x_wconf 90' lang='lat' dir='ltr'>Sic</span> <span class='ocrx_word' id='word_1_95' title='bbox 1424 856 1508 891; x_wconf 88' lang='lat' dir='ltr'>ergo</span> <span class='ocrx_word' id='word_1_96' title='bbox 1526 845 1605 878; x_wconf 88' lang='lat' dir='ltr'>ille:</span> 
     </span>
    </p>

    <p class='ocr_par' dir='ltr' id='par_1_3' title="bbox 689 916 1418 956">
     <span class='ocr_line' id='line_1_11' title="bbox 689 916 1418 956; baseline -0.001 -11"><span class='ocrx_word' id='word_1_97' title='bbox 689 917 820 956; x_wconf 88' lang='lat' dir='ltr'>Inclytus</span> <span class='ocrx_word' id='word_1_98' title='bbox 835 916 995 955; x_wconf 84' lang='lat' dir='ltr'>Anglorum</span> <span class='ocrx_word' id='word_1_99' title='bbox 1009 917 1127 945; x_wconf 88' lang='lat' dir='ltr'>veniens</span> <span class='ocrx_word' id='word_1_100' title='bbox 1142 916 1291 945; x_wconf 89' lang='lat' dir='ltr'>Lebuinus</span> <span class='ocrx_word' id='word_1_101' title='bbox 1306 916 1340 944; x_wconf 88' lang='lat' dir='ltr'>ab</span> <span class='ocrx_word' id='word_1_102' title='bbox 1354 916 1418 949; x_wconf 82' lang='lat' dir='ltr'>oris,</span> 
     </span>
    </p>

    <p class='ocr_par' dir='ltr' id='par_1_4' title="bbox 687 964 1373 1001">
     <span class='ocr_line' id='line_1_12' title="bbox 687 964 1373 1001; baseline -0.003 -8"><span class='ocrx_word' id='word_1_103' title='bbox 687 965 779 993; x_wconf 87' lang='lat' dir='ltr'>Sacris</span> <span class='ocrx_word' id='word_1_104' title='bbox 793 965 935 993; x_wconf 89' lang='lat' dir='ltr'>virtutum</span> <span class='ocrx_word' id='word_1_105' title='bbox 950 964 1069 997; x_wconf 87' lang='lat' dir='ltr'>meritis,</span> <span class='ocrx_word' id='word_1_106' title='bbox 1084 969 1113 992; x_wconf 83' lang='lat' dir='ltr'>et</span> <span class='ocrx_word' id='word_1_107' title='bbox 1127 964 1234 1001; x_wconf 84' lang='lat' dir='ltr'>remige</span> <span class='ocrx_word' id='word_1_108' title='bbox 1249 964 1373 997; x_wconf 86' lang='lat' dir='ltr'>Christo,</span> 
     </span>
    </p>

    <p class='ocr_par' dir='ltr' id='par_1_5' title="bbox 688 1011 1370 1050">
     <span class='ocr_line' id='line_1_13' title="bbox 688 1011 1370 1050; baseline -0.003 -10"><span class='ocrx_word' id='word_1_109' title='bbox 688 1012 778 1041; x_wconf 88' lang='lat' dir='ltr'>Saeva</span> <span class='ocrx_word' id='word_1_110' title='bbox 791 1011 938 1050; x_wconf 88' lang='lat' dir='ltr'>procellosi</span> <span class='ocrx_word' id='word_1_111' title='bbox 953 1011 1118 1050; x_wconf 85' lang='lat' dir='ltr'>compressit</span> <span class='ocrx_word' id='word_1_112' title='bbox 1132 1011 1251 1039; x_wconf 86' lang='lat' dir='ltr'>flumina</span> <span class='ocrx_word' id='word_1_113' title='bbox 1267 1011 1370 1039; x_wconf 84' lang='lat' dir='ltr'>Rheni.</span> 
     </span>
    </p>

    <p class='ocr_par' dir='ltr' id='par_1_6' title="bbox 389 1076 1779 1922">
     <span class='ocr_line' id='line_1_14' title="bbox 438 1076 1779 1123; baseline 0 -12"><span class='ocrx_word' id='word_1_114' title='bbox 438 1077 580 1111; x_wconf 79' lang='lat' dir='ltr'>Sacram</span> <span class='ocrx_word' id='word_1_115' title='bbox 616 1078 692 1123; x_wconf 86' lang='lat' dir='ltr'>ejus</span> <span class='ocrx_word' id='word_1_116' title='bbox 726 1078 934 1111; x_wconf 86' lang='lat' dir='ltr'>memoriam</span> <span class='ocrx_word' id='word_1_117' title='bbox 965 1077 1107 1111; x_wconf 89' lang='lat' dir='ltr'>ecclesia</span> <span class='ocrx_word' id='word_1_118' title='bbox 1134 1077 1257 1110; x_wconf 83' lang='lat' dir='ltr'>recolit</span> <span class='ocrx_word' id='word_1_119' title='bbox 1288 1085 1362 1109; x_wconf 82' lang='lat' dir='ltr'><strong>XII.</strong></span> <span class='ocrx_word' id='word_1_120' title='bbox 1394 1076 1451 1109; x_wconf 88' lang='lat' dir='ltr'>die</span> <span class='ocrx_word' id='word_1_121' title='bbox 1481 1076 1517 1109; x_wconf 96' lang='lat' dir='ltr'>N</span> <span class='ocrx_word' id='word_1_122' title='bbox 1519 1077 1674 1111; x_wconf 90' lang='lat' dir='ltr'>ovembr.</span> <span class='ocrx_word' id='word_1_123' title='bbox 1707 1089 1779 1121; x_wconf 88' lang='lat' dir='ltr'>quo</span> 
     </span>
     <span class='ocr_line' id='line_1_15' title="bbox 389 1133 1776 1180; baseline 0.001 -13"><span class='ocrx_word' id='word_1_124' title='bbox 389 1135 603 1178; x_wconf 87' lang='lat' dir='ltr'>martyrium</span> <span class='ocrx_word' id='word_1_125' title='bbox 622 1139 675 1169; x_wconf 85' lang='lat' dir='ltr'>est</span> <span class='ocrx_word' id='word_1_126' title='bbox 692 1146 827 1179; x_wconf 88' lang='lat' dir='ltr'>passus.</span> <span class='ocrx_word' id='word_1_127' title='bbox 881 1134 1180 1180; x_wconf 81' lang='lat' dir='ltr'>Martyrologium</span> <span class='ocrx_word' id='word_1_128' title='bbox 1205 1134 1430 1167; x_wconf 85' lang='lat' dir='ltr'>Romanum:</span> <span class='ocrx_word' id='word_1_129' title='bbox 1458 1138 1479 1152; x_wconf 91' lang='lat'><strong>“</strong></span> <span class='ocrx_word' id='word_1_130' title='bbox 1497 1133 1540 1167; x_wconf 89' lang='lat' dir='ltr'>In</span> <span class='ocrx_word' id='word_1_131' title='bbox 1558 1139 1665 1177; x_wconf 93' lang='lat' dir='ltr'>portu</span> <span class='ocrx_word' id='word_1_132' title='bbox 1684 1134 1776 1168; x_wconf 85' lang='lat' dir='ltr'>Gan-</span> 
     </span>
     <span class='ocr_line' id='line_1_16' title="bbox 390 1190 1775 1237; baseline 0 -12"><span class='ocrx_word' id='word_1_133' title='bbox 390 1192 489 1225; x_wconf 86' lang='lat' dir='ltr'>densi</span> <span class='ocrx_word' id='word_1_134' title='bbox 508 1192 542 1225; x_wconf 93' lang='lat' dir='ltr'>S.</span> <span class='ocrx_word' id='word_1_135' title='bbox 563 1192 696 1232; x_wconf 89' lang='lat' dir='ltr'>Livini,</span> <span class='ocrx_word' id='word_1_136' title='bbox 715 1192 868 1236; x_wconf 84' lang='lat' dir='ltr'>episcopi</span> <span class='ocrx_word' id='word_1_137' title='bbox 887 1196 921 1225; x_wconf 91' lang='lat' dir='ltr'>et</span> <span class='ocrx_word' id='word_1_138' title='bbox 934 1190 1138 1236; x_wconf 87' lang='lat' dir='ltr'>martyris.&#39;’</span> <span class='ocrx_word' id='word_1_139' title='bbox 1185 1191 1381 1236; x_wconf 86' lang='lat' dir='ltr'>Subjungit</span> <span class='ocrx_word' id='word_1_140' title='bbox 1395 1191 1542 1224; x_wconf 90' lang='lat' dir='ltr'>deinde:</span> <span class='ocrx_word' id='word_1_141' title='bbox 1561 1196 1582 1210; x_wconf 79' lang='lat'>‘⁶</span> <span class='ocrx_word' id='word_1_142' title='bbox 1597 1191 1639 1225; x_wconf 92' lang='lat' dir='ltr'>In</span> <span class='ocrx_word' id='word_1_143' title='bbox 1654 1191 1775 1237; x_wconf 85' lang='lat' dir='ltr'>Belgis</span> 
     </span>
     <span class='ocr_line' id='line_1_17' title="bbox 390 1247 1776 1293; baseline 0.001 -11"><span class='ocrx_word' id='word_1_144' title='bbox 390 1248 425 1282; x_wconf 91' lang='lat' dir='ltr'>S.</span> <span class='ocrx_word' id='word_1_145' title='bbox 449 1248 614 1289; x_wconf 89' lang='lat' dir='ltr'>Lebuini,</span> <span class='ocrx_word' id='word_1_146' title='bbox 640 1249 837 1293; x_wconf 87' lang='lat' dir='ltr'>presbyteri</span> <span class='ocrx_word' id='word_1_147' title='bbox 859 1254 894 1283; x_wconf 88' lang='lat' dir='ltr'>et</span> <span class='ocrx_word' id='word_1_148' title='bbox 916 1248 1158 1282; x_wconf 86' lang='lat' dir='ltr'>confessoris.&#39;&#39;</span> <span class='ocrx_word' id='word_1_149' title='bbox 1211 1248 1335 1281; x_wconf 92' lang='lat' dir='ltr'>Unum</span> <span class='ocrx_word' id='word_1_150' title='bbox 1353 1249 1573 1293; x_wconf 89' lang='lat' dir='ltr'>eundemque</span> <span class='ocrx_word' id='word_1_151' title='bbox 1591 1247 1776 1289; x_wconf 89' lang='lat' dir='ltr'>Livinum,</span> 
     </span>
     <span class='ocr_line' id='line_1_18' title="bbox 389 1305 1777 1350; baseline 0 -11"><span class='ocrx_word' id='word_1_152' title='bbox 389 1305 602 1346; x_wconf 87' lang='lat' dir='ltr'>Lebuinum,</span> <span class='ocrx_word' id='word_1_153' title='bbox 623 1311 658 1339; x_wconf 89' lang='lat' dir='ltr'>et</span> <span class='ocrx_word' id='word_1_154' title='bbox 671 1306 849 1340; x_wconf 91' lang='lat' dir='ltr'>Levinum</span> <span class='ocrx_word' id='word_1_155' title='bbox 870 1317 943 1340; x_wconf 87' lang='lat' dir='ltr'>esse</span> <span class='ocrx_word' id='word_1_156' title='bbox 961 1309 1109 1339; x_wconf 88' lang='lat' dir='ltr'>constat.</span> <span class='ocrx_word' id='word_1_157' title='bbox 1154 1305 1221 1339; x_wconf 92' lang='lat' dir='ltr'>Sed</span> <span class='ocrx_word' id='word_1_158' title='bbox 1237 1313 1356 1339; x_wconf 87' lang='lat' dir='ltr'>tamen</span> <span class='ocrx_word' id='word_1_159' title='bbox 1370 1305 1560 1350; x_wconf 79' lang='lat' dir='ltr'>distinguit</span> <span class='ocrx_word' id='word_1_160' title='bbox 1574 1310 1608 1340; x_wconf 89' lang='lat' dir='ltr'>et</span> <span class='ocrx_word' id='word_1_161' title='bbox 1621 1306 1777 1340; x_wconf 82' lang='lat' dir='ltr'>Joannes</span> 
     </span>
     <span class='ocr_line' id='line_1_19' title="bbox 389 1361 1775 1405; baseline 0 -9"><span class='ocrx_word' id='word_1_162' title='bbox 389 1362 556 1397; x_wconf 91' lang='lat' dir='ltr'>Molanus</span> <span class='ocrx_word' id='word_1_163' title='bbox 574 1362 760 1397; x_wconf 89' lang='lat' dir='ltr'>Addition.</span> <span class='ocrx_word' id='word_1_164' title='bbox 779 1364 824 1396; x_wconf 85' lang='lat' dir='ltr'>ad</span> <span class='ocrx_word' id='word_1_165' title='bbox 842 1363 1048 1397; x_wconf 88' lang='lat' dir='ltr'>Usuardum</span> <span class='ocrx_word' id='word_1_166' title='bbox 1067 1363 1187 1396; x_wconf 90' lang='lat' dir='ltr'>eodem</span> <span class='ocrx_word' id='word_1_167' title='bbox 1206 1363 1284 1395; x_wconf 84' lang='lat' dir='ltr'>die:</span> <span class='ocrx_word' id='word_1_168' title='bbox 1311 1366 1333 1380; x_wconf 89' lang='lat'><strong>“</strong></span> <span class='ocrx_word' id='word_1_169' title='bbox 1351 1361 1462 1405; x_wconf 91' lang='lat' dir='ltr'>Apud</span> <span class='ocrx_word' id='word_1_170' title='bbox 1481 1362 1608 1396; x_wconf 86' lang='lat' dir='ltr'>Isclam</span> <span class='ocrx_word' id='word_1_171' title='bbox 1627 1362 1775 1396; x_wconf 87' lang='lat' dir='ltr'>fluvium</span> 
     </span>
     <span class='ocr_line' id='line_1_20' title="bbox 389 1419 1777 1464; baseline 0 -11"><span class='ocrx_word' id='word_1_172' title='bbox 389 1419 606 1454; x_wconf 87' lang='lat' dir='ltr'>Daventriae</span> <span class='ocrx_word' id='word_1_173' title='bbox 624 1420 658 1453; x_wconf 93' lang='lat' dir='ltr'>S.</span> <span class='ocrx_word' id='word_1_174' title='bbox 679 1420 842 1460; x_wconf 90' lang='lat' dir='ltr'>Lebuini,</span> <span class='ocrx_word' id='word_1_175' title='bbox 861 1420 1058 1464; x_wconf 88' lang='lat' dir='ltr'>presbyteri</span> <span class='ocrx_word' id='word_1_176' title='bbox 1077 1424 1112 1453; x_wconf 89' lang='lat' dir='ltr'>et</span> <span class='ocrx_word' id='word_1_177' title='bbox 1129 1419 1338 1453; x_wconf 87' lang='lat' dir='ltr'>confessoris</span> <span class='ocrx_word' id='word_1_178' title='bbox 1353 1419 1385 1461; x_wconf 87' lang='lat'>;”</span> <span class='ocrx_word' id='word_1_179' title='bbox 1415 1423 1449 1452; x_wconf 89' lang='lat' dir='ltr'>et</span> <span class='ocrx_word' id='word_1_180' title='bbox 1469 1424 1588 1453; x_wconf 90' lang='lat' dir='ltr'>tamen</span> <span class='ocrx_word' id='word_1_181' title='bbox 1607 1420 1777 1454; x_wconf 87' lang='lat' dir='ltr'>Christia-</span> 
     </span>
     <span class='ocr_line' id='line_1_21' title="bbox 389 1475 1776 1523; baseline 0.001 -13"><span class='ocrx_word' id='word_1_182' title='bbox 389 1488 456 1510; x_wconf 91' lang='lat' dir='ltr'>nus</span> <span class='ocrx_word' id='word_1_183' title='bbox 475 1477 658 1511; x_wconf 85' lang='lat' dir='ltr'>Massaeus</span> <span class='ocrx_word' id='word_1_184' title='bbox 676 1489 784 1521; x_wconf 85' lang='lat' dir='ltr'>supra</span> <span class='ocrx_word' id='word_1_185' title='bbox 801 1477 978 1511; x_wconf 89' lang='lat' dir='ltr'>Levinum</span> <span class='ocrx_word' id='word_1_186' title='bbox 997 1481 1159 1510; x_wconf 88' lang='lat' dir='ltr'>nostrum</span> <span class='ocrx_word' id='word_1_187' title='bbox 1178 1477 1222 1510; x_wconf 86' lang='lat' dir='ltr'>ad</span> <span class='ocrx_word' id='word_1_188' title='bbox 1240 1476 1369 1510; x_wconf 89' lang='lat' dir='ltr'>Escam</span> <span class='ocrx_word' id='word_1_189' title='bbox 1390 1475 1539 1510; x_wconf 90' lang='lat' dir='ltr'>fluvium</span> <span class='ocrx_word' id='word_1_190' title='bbox 1553 1478 1776 1523; x_wconf 88' lang='lat' dir='ltr'>evangelium</span> 
     </span>
     <span class='ocr_line' id='line_1_22' title="bbox 390 1533 1778 1579; baseline 0.001 -11"><span class='ocrx_word' id='word_1_191' title='bbox 390 1535 574 1568; x_wconf 88' lang='lat' dir='ltr'>nunciasse</span> <span class='ocrx_word' id='word_1_192' title='bbox 604 1535 700 1574; x_wconf 86' lang='lat' dir='ltr'>dicit,</span> <span class='ocrx_word' id='word_1_193' title='bbox 736 1535 797 1579; x_wconf 92' lang='lat' dir='ltr'>qui</span> <span class='ocrx_word' id='word_1_194' title='bbox 828 1546 899 1568; x_wconf 90' lang='lat' dir='ltr'>non</span> <span class='ocrx_word' id='word_1_195' title='bbox 931 1535 1072 1568; x_wconf 89' lang='lat' dir='ltr'>videtur</span> <span class='ocrx_word' id='word_1_196' title='bbox 1102 1535 1191 1568; x_wconf 89' lang='lat' dir='ltr'>alius</span> <span class='ocrx_word' id='word_1_197' title='bbox 1223 1534 1266 1567; x_wconf 87' lang='lat' dir='ltr'>ab</span> <span class='ocrx_word' id='word_1_198' title='bbox 1297 1533 1399 1567; x_wconf 90' lang='lat' dir='ltr'>Iscla.</span> <span class='ocrx_word' id='word_1_199' title='bbox 1452 1534 1579 1568; x_wconf 91' lang='lat' dir='ltr'>Subdit</span> <span class='ocrx_word' id='word_1_200' title='bbox 1611 1535 1778 1569; x_wconf 86' lang='lat' dir='ltr'>Molanus</span> 
     </span>
     <span class='ocr_line' id='line_1_23' title="bbox 393 1590 1777 1636; baseline 0 -11"><span class='ocrx_word' id='word_1_201' title='bbox 393 1592 513 1625; x_wconf 84' lang='lat' dir='ltr'>codem</span> <span class='ocrx_word' id='word_1_202' title='bbox 532 1592 588 1625; x_wconf 86' lang='lat' dir='ltr'>die</span> <span class='ocrx_word' id='word_1_203' title='bbox 602 1602 610 1625; x_wconf 73' lang='grc' dir='ltr'>ε</span> <span class='ocrx_word' id='word_1_204' title='bbox 631 1597 651 1611; x_wconf 90' lang='grc'><strong>“</strong></span> <span class='ocrx_word' id='word_1_205' title='bbox 665 1592 797 1626; x_wconf 87' lang='lat' dir='ltr'>Beatae</span> <span class='ocrx_word' id='word_1_206' title='bbox 812 1591 1035 1636; x_wconf 86' lang='lat' dir='ltr'>Craphaildis</span> <span class='ocrx_word' id='word_1_207' title='bbox 1054 1595 1089 1625; x_wconf 89' lang='lat' dir='ltr'>et</span> <span class='ocrx_word' id='word_1_208' title='bbox 1106 1590 1223 1624; x_wconf 84' lang='lat' dir='ltr'>Brixii</span> <span class='ocrx_word' id='word_1_209' title='bbox 1241 1590 1343 1634; x_wconf 91' lang='lat' dir='ltr'>pueri</span> <span class='ocrx_word' id='word_1_210' title='bbox 1358 1594 1558 1635; x_wconf 89' lang='lat' dir='ltr'>martyrum</span> <span class='ocrx_word' id='word_1_211' title='bbox 1572 1602 1651 1624; x_wconf 86' lang='lat' dir='ltr'>curn</span> <span class='ocrx_word' id='word_1_212' title='bbox 1666 1591 1701 1625; x_wconf 90' lang='lat' dir='ltr'>S.</span> <span class='ocrx_word' id='word_1_213' title='bbox 1717 1591 1777 1625; x_wconf 91' lang='lat' dir='ltr'>Li-</span> 
     </span>
     <span class='ocr_line' id='line_1_24' title="bbox 393 1637 1777 1693; baseline 0.001 -11"><span class='ocrx_word' id='word_1_214' title='bbox 393 1649 487 1688; x_wconf 92' lang='lat' dir='ltr'>vino,</span> <span class='ocrx_word' id='word_1_215' title='bbox 519 1660 670 1693; x_wconf 87' lang='lat' dir='ltr'>quorum</span> <span class='ocrx_word' id='word_1_216' title='bbox 699 1660 846 1693; x_wconf 88' lang='lat' dir='ltr'>corpora</span> <span class='ocrx_word' id='word_1_217' title='bbox 874 1648 1036 1682; x_wconf 87' lang='lat' dir='ltr'>Gandavi</span> <span class='ocrx_word' id='word_1_218' title='bbox 1064 1637 1262 1681; x_wconf 81' lang='lat' dir='ltr'>habeantur</span> <span class='ocrx_word' id='word_1_219' title='bbox 1292 1648 1329 1680; x_wconf 90' lang='lat' dir='ltr'>in</span> <span class='ocrx_word' id='word_1_220' title='bbox 1357 1647 1490 1681; x_wconf 88' lang='lat' dir='ltr'>tumbis</span> <span class='ocrx_word' id='word_1_221' title='bbox 1516 1648 1777 1692; x_wconf 83' lang='lat' dir='ltr'>portatilibus.&#39;&#39;</span> 
     </span>
     <span class='ocr_line' id='line_1_25' title="bbox 394 1704 1778 1750; baseline 0 -10"><span class='ocrx_word' id='word_1_222' title='bbox 394 1707 493 1740; x_wconf 90' lang='lat' dir='ltr'>Idem</span> <span class='ocrx_word' id='word_1_223' title='bbox 511 1707 567 1740; x_wconf 81' lang='lat' dir='ltr'>die</span> <span class='ocrx_word' id='word_1_224' title='bbox 587 1715 703 1740; x_wconf 83' lang='lat' dir='ltr'><strong>XXVI.</strong></span> <span class='ocrx_word' id='word_1_225' title='bbox 722 1705 746 1739; x_wconf 88' lang='lat' dir='ltr'>J</span> <span class='ocrx_word' id='word_1_226' title='bbox 748 1706 823 1739; x_wconf 88' lang='lat' dir='ltr'>unii</span> <span class='ocrx_word' id='word_1_227' title='bbox 840 1716 848 1739; x_wconf 77' lang='lat' dir='ltr'>z</span> <span class='ocrx_word' id='word_1_228' title='bbox 872 1711 892 1726; x_wconf 80' lang='lat'>‘⁶</span> <span class='ocrx_word' id='word_1_229' title='bbox 913 1705 955 1739; x_wconf 92' lang='lat' dir='ltr'>In</span> <span class='ocrx_word' id='word_1_230' title='bbox 974 1704 1145 1739; x_wconf 89' lang='lat' dir='ltr'>Gandavo</span> <span class='ocrx_word' id='word_1_231' title='bbox 1164 1705 1313 1738; x_wconf 85' lang='lat' dir='ltr'>elevatio</span> <span class='ocrx_word' id='word_1_232' title='bbox 1337 1704 1372 1738; x_wconf 89' lang='lat' dir='ltr'>S.</span> <span class='ocrx_word' id='word_1_233' title='bbox 1398 1704 1521 1738; x_wconf 91' lang='lat' dir='ltr'>Livini</span> <span class='ocrx_word' id='word_1_234' title='bbox 1545 1707 1725 1750; x_wconf 87' lang='lat' dir='ltr'>martyris,</span> <span class='ocrx_word' id='word_1_235' title='bbox 1744 1712 1778 1740; x_wconf 92' lang='lat' dir='ltr'>et</span> 
     </span>
     <span class='ocr_line' id='line_1_26' title="bbox 393 1762 1778 1807; baseline 0 -10"><span class='ocrx_word' id='word_1_236' title='bbox 393 1764 578 1797; x_wconf 87' lang='lat' dir='ltr'>translatio</span> <span class='ocrx_word' id='word_1_237' title='bbox 596 1763 748 1797; x_wconf 86' lang='lat' dir='ltr'>secunda</span> <span class='ocrx_word' id='word_1_238' title='bbox 766 1763 921 1807; x_wconf 90' lang='lat' dir='ltr'>corporis</span> <span class='ocrx_word' id='word_1_239' title='bbox 940 1763 1083 1806; x_wconf 88' lang='lat' dir='ltr'>ipsius.’&#39;</span> <span class='ocrx_word' id='word_1_240' title='bbox 1137 1762 1232 1795; x_wconf 90' lang='lat' dir='ltr'>Hinc</span> <span class='ocrx_word' id='word_1_241' title='bbox 1250 1767 1500 1807; x_wconf 87' lang='lat' dir='ltr'>argumentum</span> <span class='ocrx_word' id='word_1_242' title='bbox 1525 1763 1614 1796; x_wconf 90' lang='lat' dir='ltr'>duco</span> <span class='ocrx_word' id='word_1_243' title='bbox 1639 1763 1778 1797; x_wconf 91' lang='lat' dir='ltr'>eosdem</span> 
     </span>
     <span class='ocr_line' id='line_1_27' title="bbox 393 1819 1779 1863; baseline 0 -9"><span class='ocrx_word' id='word_1_244' title='bbox 393 1832 451 1854; x_wconf 67' lang='lat' dir='ltr'>cos</span> <span class='ocrx_word' id='word_1_245' title='bbox 471 1831 566 1860; x_wconf 89' lang='lat' dir='ltr'>esse;</span> <span class='ocrx_word' id='word_1_246' title='bbox 593 1825 627 1854; x_wconf 89' lang='lat' dir='ltr'>et</span> <span class='ocrx_word' id='word_1_247' title='bbox 646 1820 680 1854; x_wconf 90' lang='lat' dir='ltr'>S.</span> <span class='ocrx_word' id='word_1_248' title='bbox 701 1820 853 1854; x_wconf 90' lang='lat' dir='ltr'>Lebuini</span> <span class='ocrx_word' id='word_1_249' title='bbox 874 1830 1001 1863; x_wconf 87' lang='lat' dir='ltr'>corpus</span> <span class='ocrx_word' id='word_1_250' title='bbox 1019 1820 1126 1853; x_wconf 88' lang='lat' dir='ltr'>etiam</span> <span class='ocrx_word' id='word_1_251' title='bbox 1151 1819 1304 1852; x_wconf 89' lang='lat' dir='ltr'>secundo</span> <span class='ocrx_word' id='word_1_252' title='bbox 1321 1820 1534 1853; x_wconf 86' lang='lat' dir='ltr'>translatum</span> <span class='ocrx_word' id='word_1_253' title='bbox 1552 1820 1661 1854; x_wconf 84' lang='lat' dir='ltr'>tradit</span> <span class='ocrx_word' id='word_1_254' title='bbox 1681 1820 1779 1854; x_wconf 93' lang='lat' dir='ltr'>Huc-</span> 
     </span>
     <span class='ocr_line' id='line_1_28' title="bbox 395 1877 1290 1922; baseline -0.002 -11"><span class='ocrx_word' id='word_1_255' title='bbox 395 1878 518 1912; x_wconf 86' lang='lat' dir='ltr'>baldus</span> <span class='ocrx_word' id='word_1_256' title='bbox 537 1879 574 1911; x_wconf 91' lang='lat' dir='ltr'>in</span> <span class='ocrx_word' id='word_1_257' title='bbox 592 1878 679 1911; x_wconf 83' lang='lat' dir='ltr'>Vita</span> <span class='ocrx_word' id='word_1_258' title='bbox 696 1878 772 1922; x_wconf 83' lang='lat' dir='ltr'>ejus</span> <span class='ocrx_word' id='word_1_259' title='bbox 791 1889 865 1922; x_wconf 91' lang='lat' dir='ltr'>cap.</span> <span class='ocrx_word' id='word_1_260' title='bbox 885 1886 987 1910; x_wconf 81' lang='lat' dir='ltr'><strong>XVII.</strong></span> <span class='ocrx_word' id='word_1_261' title='bbox 1039 1877 1188 1921; x_wconf 88' lang='lat' dir='ltr'>Scripsit</span> <span class='ocrx_word' id='word_1_262' title='bbox 1207 1888 1290 1910; x_wconf 89' lang='lat' dir='ltr'>vero</span> 
     </span>
    </p>

    <p class='ocr_par' dir='ltr' id='par_1_7' title="bbox 540 1935 1776 2090">
     <span class='ocr_line' id='line_1_29' title="bbox 540 1935 1479 1979; baseline 0 -11"><span class='ocrx_word' id='word_1_263' title='bbox 540 1935 715 1968; x_wconf 86' lang='lat' dir='ltr'>Homilias</span> <span class='ocrx_word' id='word_1_264' title='bbox 735 1935 870 1979; x_wconf 84' lang='lat' dir='ltr'>aliquot</span> <span class='ocrx_word' id='word_1_265' title='bbox 1372 1935 1433 1969; x_wconf 90' lang='lat' dir='ltr'>lib.</span> <span class='ocrx_word' id='word_1_266' title='bbox 1455 1944 1479 1969; x_wconf 91' lang='lat'>1.</span> 
     </span>
     <span class='ocr_line' id='line_1_30' title="bbox 544 1991 1776 2036; baseline 0.001 -11"><span class='ocrx_word' id='word_1_267' title='bbox 544 1992 780 2036; x_wconf 86' lang='lat' dir='ltr'>Epitaphium</span> <span class='ocrx_word' id='word_1_268' title='bbox 805 1991 978 2031; x_wconf 87' lang='lat' dir='ltr'>Allonini,</span> <span class='ocrx_word' id='word_1_269' title='bbox 1004 1991 1275 2026; x_wconf 85' lang='lat' dir='ltr'>Austrasiorum</span> <span class='ocrx_word' id='word_1_270' title='bbox 1294 1991 1434 2025; x_wconf 88' lang='lat' dir='ltr'>Ducum</span> <span class='ocrx_word' id='word_1_271' title='bbox 1462 1992 1632 2033; x_wconf 90' lang='lat' dir='ltr'>haeredis,</span> <span class='ocrx_word' id='word_1_272' title='bbox 1664 1993 1723 2027; x_wconf 90' lang='lat' dir='ltr'>lib.</span> <span class='ocrx_word' id='word_1_273' title='bbox 1753 2002 1776 2026; x_wconf 94' lang='lat'>1.</span> 
     </span>
     <span class='ocr_line' id='line_1_31' title="bbox 541 2049 1114 2090; baseline 0 -7"><span class='ocrx_word' id='word_1_274' title='bbox 541 2050 680 2089; x_wconf 82' lang='lat' dir='ltr'>Latine,</span> <span class='ocrx_word' id='word_1_275' title='bbox 699 2055 734 2083; x_wconf 90' lang='lat' dir='ltr'>et</span> <span class='ocrx_word' id='word_1_276' title='bbox 752 2050 862 2090; x_wconf 88' lang='lat' dir='ltr'>docte,</span> <span class='ocrx_word' id='word_1_277' title='bbox 883 2050 934 2083; x_wconf 92' lang='lat' dir='ltr'>ait</span> <span class='ocrx_word' id='word_1_278' title='bbox 952 2049 1114 2083; x_wconf 87' lang='lat' dir='ltr'>Balaeus.</span> 
     </span>
    </p>

    <p class='ocr_par' dir='ltr' id='par_1_8' title="bbox 397 2107 1780 2324">
     <span class='ocr_line' id='line_1_32' title="bbox 447 2107 1777 2148; baseline 0.001 -8"><span class='ocrx_word' id='word_1_279' title='bbox 447 2107 612 2141; x_wconf 86' lang='lat' dir='ltr'>Florebat</span> <span class='ocrx_word' id='word_1_280' title='bbox 638 2119 730 2141; x_wconf 89' lang='lat' dir='ltr'>anno</span> <span class='ocrx_word' id='word_1_281' title='bbox 758 2116 967 2141; x_wconf 78' lang='lat' dir='ltr'>Dexxxxn.</span> <span class='ocrx_word' id='word_1_282' title='bbox 999 2112 1040 2140; x_wconf 88' lang='lat' dir='ltr'>ut</span> <span class='ocrx_word' id='word_1_283' title='bbox 1068 2107 1185 2140; x_wconf 89' lang='lat' dir='ltr'>verior</span> <span class='ocrx_word' id='word_1_284' title='bbox 1215 2108 1400 2148; x_wconf 84' lang='lat' dir='ltr'>sententia,</span> <span class='ocrx_word' id='word_1_285' title='bbox 1430 2107 1619 2148; x_wconf 86' lang='lat' dir='ltr'>Baronius‚</span> <span class='ocrx_word' id='word_1_286' title='bbox 1646 2114 1681 2142; x_wconf 88' lang='lat' dir='ltr'>et</span> <span class='ocrx_word' id='word_1_287' title='bbox 1707 2109 1777 2147; x_wconf 84' lang='lat' dir='ltr'>alii,</span> 
     </span>
     <span class='ocr_line' id='line_1_33' title="bbox 397 2163 1780 2210; baseline 0.001 -13"><span class='ocrx_word' id='word_1_288' title='bbox 397 2165 602 2207; x_wconf 85' lang='lat' dir='ltr'>praesertim</span> <span class='ocrx_word' id='word_1_289' title='bbox 635 2165 861 2198; x_wconf 84' lang='lat' dir='ltr'>Breviarium</span> <span class='ocrx_word' id='word_1_290' title='bbox 891 2163 1134 2204; x_wconf 88' lang='lat' dir='ltr'>Gandavense,</span> <span class='ocrx_word' id='word_1_291' title='bbox 1162 2176 1205 2198; x_wconf 85' lang='lat' dir='ltr'>ex</span> <span class='ocrx_word' id='word_1_292' title='bbox 1231 2176 1302 2209; x_wconf 90' lang='lat' dir='ltr'>quo</span> <span class='ocrx_word' id='word_1_293' title='bbox 1333 2165 1445 2198; x_wconf 88' lang='lat' dir='ltr'>vitam</span> <span class='ocrx_word' id='word_1_294' title='bbox 1473 2166 1549 2210; x_wconf 88' lang='lat' dir='ltr'>ejus</span> <span class='ocrx_word' id='word_1_295' title='bbox 1575 2165 1780 2208; x_wconf 88' lang='lat' dir='ltr'>compilavit</span> 
     </span>
     <span class='ocr_line' id='line_1_34' title="bbox 400 2221 1780 2268; baseline 0.001 -14"><span class='ocrx_word' id='word_1_296' title='bbox 400 2221 609 2255; x_wconf 87' lang='lat' dir='ltr'>Franciscus</span> <span class='ocrx_word' id='word_1_297' title='bbox 630 2221 791 2255; x_wconf 85' lang='lat' dir='ltr'>Haraeus</span> <span class='ocrx_word' id='word_1_298' title='bbox 810 2233 890 2267; x_wconf 87' lang='lat' dir='ltr'>pag.</span> <span class='ocrx_word' id='word_1_299' title='bbox 913 2231 989 2255; x_wconf 81' lang='lat' dir='ltr'>Mu.</span> <span class='ocrx_word' id='word_1_300' title='bbox 1009 2223 1071 2268; x_wconf 89' lang='lat' dir='ltr'>qui</span> <span class='ocrx_word' id='word_1_301' title='bbox 1093 2222 1283 2267; x_wconf 89' lang='lat' dir='ltr'>distinguit</span> <span class='ocrx_word' id='word_1_302' title='bbox 1310 2221 1371 2255; x_wconf 89' lang='lat' dir='ltr'>SS.</span> <span class='ocrx_word' id='word_1_303' title='bbox 1396 2222 1568 2255; x_wconf 89' lang='lat' dir='ltr'>Livinum</span> <span class='ocrx_word' id='word_1_304' title='bbox 1592 2226 1627 2255; x_wconf 90' lang='lat' dir='ltr'>et</span> <span class='ocrx_word' id='word_1_305' title='bbox 1650 2221 1780 2256; x_wconf 88' lang='lat' dir='ltr'>Lebui-</span> 
     </span>
     <span class='ocr_line' id='line_1_35' title="bbox 401 2278 1779 2324; baseline 0.005 -14"><span class='ocrx_word' id='word_1_306' title='bbox 401 2289 496 2311; x_wconf 87' lang='lat' dir='ltr'>num.</span> <span class='ocrx_word' id='word_1_307' title='bbox 546 2278 637 2312; x_wconf 88' lang='lat' dir='ltr'>Sunt</span> <span class='ocrx_word' id='word_1_308' title='bbox 654 2279 714 2322; x_wconf 88' lang='lat' dir='ltr'>qui</span> <span class='ocrx_word' id='word_1_309' title='bbox 740 2279 776 2312; x_wconf 86' lang='lat' dir='ltr'>in</span> <span class='ocrx_word' id='word_1_310' title='bbox 799 2291 931 2313; x_wconf 86' lang='lat' dir='ltr'>annum</span> <span class='ocrx_word' id='word_1_311' title='bbox 951 2280 1113 2324; x_wconf 86' lang='lat' dir='ltr'>rejiciant</span> <span class='ocrx_word' id='word_1_312' title='bbox 1134 2290 1240 2314; x_wconf 81' lang='lat' dir='ltr'>Mvn.</span> <span class='ocrx_word' id='word_1_313' title='bbox 1269 2282 1485 2315; x_wconf 90' lang='lat' dir='ltr'>Possevinus</span> <span class='ocrx_word' id='word_1_314' title='bbox 1512 2283 1587 2316; x_wconf 90' lang='lat' dir='ltr'>loco</span> <span class='ocrx_word' id='word_1_315' title='bbox 1613 2283 1779 2317; x_wconf 86' lang='lat' dir='ltr'>laudato:</span> 
     </span>
    </p>
   </div>
   <div class='ocr_carea' id='block_1_3' title="bbox 400 2335 1779 2436">
    <p class='ocr_par' dir='ltr' id='par_1_9' title="bbox 400 2335 1779 2436">
     <span class='ocr_line' id='line_1_36' title="bbox 400 2335 1779 2383; baseline 0.004 -16"><span class='ocrx_word' id='word_1_316' title='bbox 400 2346 488 2379; x_wconf 89' lang='lat' dir='ltr'>quae</span> <span class='ocrx_word' id='word_1_317' title='bbox 507 2335 625 2379; x_wconf 86' lang='lat' dir='ltr'>opinio</span> <span class='ocrx_word' id='word_1_318' title='bbox 643 2336 915 2380; x_wconf 86' lang='lat' dir='ltr'>haudquaquam</span> <span class='ocrx_word' id='word_1_319' title='bbox 935 2337 1125 2381; x_wconf 88' lang='lat' dir='ltr'>probabilis</span> <span class='ocrx_word' id='word_1_320' title='bbox 1139 2351 1150 2380; x_wconf 79' lang='lat'>3</span> <span class='ocrx_word' id='word_1_321' title='bbox 1179 2350 1260 2372; x_wconf 88' lang='lat' dir='ltr'>nam</span> <span class='ocrx_word' id='word_1_322' title='bbox 1287 2339 1348 2383; x_wconf 92' lang='lat' dir='ltr'>qui</span> <span class='ocrx_word' id='word_1_323' title='bbox 1375 2339 1413 2372; x_wconf 90' lang='lat' dir='ltr'>in</span> <span class='ocrx_word' id='word_1_324' title='bbox 1439 2338 1514 2372; x_wconf 86' lang='lat' dir='ltr'>vita</span> <span class='ocrx_word' id='word_1_325' title='bbox 1539 2340 1779 2379; x_wconf 82' lang='lat' dir='ltr'>nominantur,</span> 
     </span>
     <span class='ocr_line' id='line_1_37' title="bbox 400 2392 895 2436; baseline 0.006 -12"><span class='ocrx_word' id='word_1_326' title='bbox 400 2392 495 2425; x_wconf 87' lang='lat' dir='ltr'>aliud</span> <span class='ocrx_word' id='word_1_327' title='bbox 515 2396 652 2436; x_wconf 86' lang='lat' dir='ltr'>tempus</span> <span class='ocrx_word' id='word_1_328' title='bbox 671 2393 895 2428; x_wconf 88' lang='lat' dir='ltr'>convincunt.</span> 
     </span>
    </p>
   </div>
  </div>
 </body>
</html>
