2060 2848
383 313 444 344 468
775 315 1006 348 HISTORIA
1030 315 1403 348 ECCLESIASTICA

534 409 691 456 Regulas
709 408 856 444 Artium
874 410 1096 444 diversarum
1329 411 1389 445 lib.
1411 420 1435 444 1.

531 467 586 501 De
604 467 812 512 Disciplinis
831 468 1053 502 naturalibus
1325 468 1385 502 lib.
1406 477 1431 502 Ι.

535 524 701 569 Hymnos
1327 526 1389 560 lib.
1410 535 1434 559 Ι.

531 582 702 628 Dialogos
1325 583 1387 617 lib.
1407 592 1432 616 1.

532 640 716 685 Epistolas
734 641 892 674 diversas
1324 641 1385 674 lib.
1406 650 1432 675 Ι.

433 699 573 733 Claruit
591 710 684 732 anno
703 706 822 732 Dcxc.
841 699 1001 742 sepultus
1020 698 1055 732 in
1076 698 1244 732 coenobio
1262 698 1575 732 Malmesburiensi
1594 710 1615 733 a
1641 710 1677 733 se
1702 699 1780 733 fun-

384 757 477 792 dato.
534 756 674 790 Colitur
693 756 750 789 die
770 764 824 789 IV.
844 754 1072 795 Novembris,
1093 754 1247 800 Georgio
1265 754 1434 788 Neutono
1452 759 1553 789 teste.

817 869 853 904 S.
882 867 1209 903 MARGARITA.
1262 871 1345 903 883.

384 988 417 1021 S.
435 987 710 1026 MARGARITA,
729 986 799 1020 alia
811 997 832 1020 a
845 985 974 1030 priore,
994 990 1015 1005 ‘⁶
1027 985 1240 1019 Christierni
1255 984 1392 1019 Daniae
1407 986 1501 1032 regis
1520 986 1628 1027 filia,''
1641 988 1692 1021 ait
1707 986 1783 1020 Ste-

383 1046 523 1089 phanus
553 1044 784 1090 Lusignanus
812 1043 953 1078 Corona
982 1053 1036 1078 lv,
1064 1054 1139 1087 cap.
1169 1052 1208 1076 X.
1242 1048 1263 1062 ‘⁵
1289 1043 1365 1088 regi
1393 1043 1530 1078 Scotiae
1558 1045 1779 1089 desponsata,

384 1103 459 1137 vita
488 1102 730 1148 integerrima,
761 1101 1061 1146 frequentissimis
1087 1100 1320 1140 orationibus,
1343 1101 1504 1146 jejuniis,
1531 1107 1567 1136 et
1593 1103 1783 1146 eleemosy-

385 1161 451 1200 nis,
471 1161 575 1194 beata
593 1159 662 1193 dici
680 1163 715 1193 et
733 1159 856 1193 haberi
875 1159 1041 1193 meruit?
1085 1158 1197 1192 Plura
1215 1170 1259 1191 ex
1277 1158 1456 1193 historicis
1474 1159 1588 1194 Danis
1615 1165 1651 1194 et
1669 1159 1782 1193 Scotis

385 1219 421 1251 in
440 1218 531 1252 libro
545 1222 667 1251 nostro
679 1217 722 1250 de
739 1215 987 1250 Affinitatibus
1006 1216 1149 1265 Regum
1168 1215 1367 1250 Scotorum.
1414 1216 1577 1252 Obscura
1590 1218 1782 1251 admodum

385 1281 470 1309 sunt
488 1280 577 1309 acta.

434 1332 574 1367 Claruit
592 1344 686 1367 anno
706 1340 807 1366 Μαι).
827 1336 890 1366 aut
908 1332 1058 1365 circiter.

858 1447 895 1482 S.
923 1447 1056 1482 MARI
1064 1447 1170 1483 NUS.
1224 1450 1307 1483 884.

386 1567 421 1599 S.
441 1566 638 1599 MARINUs
664 1564 877 1609 episcopalia
894 1564 931 1597 in
950 1563 1069 1598 Scotia
1086 1575 1236 1598 munera
1252 1565 1390 1605 obivit3
1419 1565 1676 1599 transmarinas
1698 1564 1782 1611 [ad]

386 1623 558 1669 regiones,
577 1623 657 1657 fidei
677 1623 802 1656 ardore
820 1632 1019 1662 succensus,
1039 1622 1264 1668 evangelium
1283 1623 1388 1663 tulit;
1417 1627 1451 1656 et
1469 1627 1657 1667 postquam
1685 1623 1783 1657 Petri

386 1692 623 1715 successorem
641 1681 833 1719 adorasset,
852 1678 890 1712 in
908 1677 1148 1719 Germaniam3
1167 1679 1322 1714 fertilem
1340 1684 1426 1714 tunc
1449 1680 1612 1714 laborum
1638 1680 1784 1714 sanctis-

386 1739 557 1772 simorum
576 1749 737 1778 messem,
764 1748 804 1770 ac
821 1737 945 1770 vineae
971 1736 1119 1770 Domini
1145 1748 1276 1777 aream,
1303 1738 1528 1777 descendens,
1555 1738 1718 1772 Boiarios
1746 1739 1783 1771 in

387 1796 522 1830 sincero
542 1795 621 1829 fidei
641 1795 845 1829 Catholicae
863 1795 962 1828 cultu
980 1794 1226 1835 confirmavit3
1254 1807 1294 1829 ac
1318 1796 1462 1829 tandem
1488 1796 1600 1834 verba
1623 1797 1784 1840 exemplo

391 1853 613 1893 confirmans,
632 1864 697 1897 pro
716 1853 793 1886 zelo
811 1852 993 1898 religionis
1011 1857 1170 1893 exustus,
1189 1858 1328 1897 martyr
1346 1853 1487 1887 colitur.

437 1912 568 1945 Passus
587 1922 680 1944 anno
700 1919 855 1944 DCLXX.
882 1921 961 1943 cum
989 1915 1116 1954 nepote
1142 1921 1207 1944 suo
1229 1910 1263 1944 S.
1291 1909 1446 1951 Amano,
1475 1911 1603 1945 colitur
1622 1911 1678 1944 die
1698 1920 1783 1944 XVI.

390 1969 603 2003 Decembris·
657 1968 865 2002 Matthaeus
885 1966 1048 2000 Raderus
1067 1968 1103 2000 in
1123 1967 1279 2001 Bavaria
1297 1967 1438 2002 Sancta.

717 2084 752 2117 S.
782 2081 1313 2117 MAKBEATHATHGNE.
1367 2086 1450 2118 885.

389 2203 424 2233 5.
454 2201 892 2238 ΒΞΛΚΒΕΑΤΗΑΤΗΟΧΕ,
919 2209 999 2232 cum
1027 2199 1129 2232 sociis
1148 2200 1222 2233 suis
1250 2205 1270 2219 ‘⁶
1289 2199 1355 2233 fide
1379 2199 1531 2239 fervens,
1559 2198 1685 2232 furtim
1703 2211 1784 2233 cou-

389 2260 460 2292 suit
504 2258 657 2291 lembum
703 2257 886 2291 taurinum
931 2256 1056 2295 Birsis,
1100 2257 1310 2291 alimentum
1353 2256 1671 2290 hebdomadarium
1717 2257 1783 2290 sibi

390 2317 541 2360 supplet,
571 2316 686 2349 elevat
711 2316 789 2348 vela
817 2325 880 2358 per
903 2315 977 2348 dies
1000 2318 1146 2357 septem,
1176 2315 1394 2359 totidemque
1421 2318 1551 2354 noctes,
1578 2314 1782 2348 Aelfridum

391 2374 465 2406 adit
483 2383 600 2417 regem
622 2370 852 2417 Anglorum3
880 2372 1005 2405 deinde
1025 2371 1175 2405 Romam
1197 2372 1350 2417 vestigia
1367 2371 1465 2417 legit,
1484 2371 1529 2405 ab
1550 2371 1631 2405 inde
1659 2371 1693 2404 H
1700 2372 1785 2406 iero-

391 2432 543 2475 >‹›lymas
564 2430 613 2463 ire
632 2429 843 2474 praetendit,
868 2440 931 2463 nec
955 2429 1126 2463 miracula
1149 2430 1293 2473 quidem
1317 2440 1388 2463 non
1415 2429 1563 2463 minima
1591 2429 1684 2464 facta
1711 2430 1787 2463 brc-
