2060 2848
414 285 478 315 602
799 286 1031 319 HISTORIA
1053 286 1426 321 ECCLESIASTICA

417 384 450 413 et
476 391 514 414 se
538 382 669 416 tutelae
695 380 876 415 Malcolmi
903 381 998 427 regis
1024 382 1222 423 commisit3
1251 386 1287 416 et
1313 386 1334 401 “
1351 393 1433 416 cum
1458 393 1522 416 rex
1539 381 1707 429 Edgarus
1726 395 1814 430 quo-

417 438 589 472 tidianam
612 439 741 483 stipem
760 449 781 472 a
797 449 881 484 rege
899 438 1117 473 Malcholmo
1134 444 1261 474 nactus
1278 440 1401 479 esset‚”
1427 445 1469 474 ut
1486 440 1646 484 loquitur
1664 441 1814 475 Wilhel-

414 506 495 529 mus
514 495 842 530 Malmesburiensis
861 496 921 530 lib.
942 505 1002 530 111.
1022 497 1065 530 de
1079 495 1197 531 Gestis
1215 496 1358 543 Regum
1371 496 1574 543 Anglorum
1593 508 1674 544 pag.
1695 507 1812 532 LV111.

414 553 622 599 indignatus
639 553 856 587 Wilhelmus
879 553 1110 588 Normannus
1137 553 1351 600 Stigandum
1375 565 1438 599 per
1464 555 1658 589 cardinales
1681 556 1812 590 Roma-

414 621 478 644 nos
496 615 532 644 et
548 609 828 645 Ermenfredum
847 611 1052 655 episcopum
1070 610 1309 645 Sedunensem
1328 612 1405 646 loco
1428 612 1554 652 movit,
1579 617 1615 646 et
1638 613 1814 659 dignitate

407 667 582 714 privavit.
645 667 772 712 Itaque
797 672 986 712 postquam
1013 667 1181 713 Edgarus
1212 668 1306 712 regis
1338 667 1476 702 Scotiae
1502 669 1668 703 alumnus
1695 669 1814 704 Scotia

413 725 568 765 abiisset,
605 724 800 770 Stigandus
830 723 1072 758 munificentia
1102 724 1284 758 Malcolmi
1316 725 1462 771 adjutus
1493 725 1531 758 in
1562 725 1681 760 Scotia
1719 727 1813 761 diem

413 793 517 817 suum
537 782 637 816 obiit.
689 781 839 825 Scripsit

562 838 634 872 Pro
653 837 771 872 Causa
783 837 922 884 Edgari
937 837 1060 884 Regis,
1074 838 1119 872 ad
1133 838 1270 884 Regem
1285 837 1435 879 Scotiae,
1452 838 1514 873 lib.
1535 847 1562 872 1.
1613 839 1686 874 Pro
1704 851 1752 881 se,
1770 841 1815 874 ad

610 895 757 939 Papam,
776 896 836 930 lib.
857 905 882 929 1.
902 900 1094 940 antequam
1112 897 1283 936 exularet,
1302 907 1383 930 cum
1401 896 1544 941 pacifice
1562 896 1710 931 sederet.

462 953 603 988 Floruit
633 964 727 986 anno
756 962 907 987 MLXVI.
959 952 1011 987 Et
1037 957 1127 997 puto
1156 954 1392 999 quadriennio
1418 958 1500 998 post
1526 953 1626 994 obiit,
1653 955 1815 999 sepultus

415 1010 630 1056 Edimburgi
649 1011 694 1045 ad
711 1009 757 1044 D.
777 1010 934 1056 Aegidii.

791 1125 1007 1160 THOMAS
1032 1124 1274 1160 SEGETUS.
1328 1127 1435 1165 1089.

415 1243 593 1277 THOMAS
612 1242 762 1288 Segetus
780 1241 1016 1286 antiquarius,
1036 1239 1169 1275 Graece
1187 1241 1387 1286 Latineque
1410 1241 1648 1282 doctissimus,
1674 1243 1813 1289 ingenti

415 1300 549 1346 ingenii
571 1300 713 1333 vivacis
742 1300 979 1334 ostentatione
1005 1302 1041 1332 et
1067 1299 1242 1343 applausu
1267 1300 1305 1333 in
1330 1298 1437 1333 Italia
1462 1299 1526 1334 diu
1551 1304 1726 1340 versatus,
1750 1302 1813 1335 sed

414 1358 642 1392 vehementer
654 1356 815 1391 Venetiis
834 1361 984 1390 vexatus
1002 1356 1159 1390 invidiae
1177 1356 1293 1396 cessit,
1308 1360 1344 1390 et
1357 1356 1396 1390 in
1410 1355 1650 1397 Germaniam,
1665 1357 1811 1392 liberius

413 1414 643 1460 proferendae
658 1414 816 1455 virtutis,
837 1419 878 1448 ut
896 1414 965 1459 ipsi
984 1413 1184 1453 videbatur,
1199 1413 1392 1455 theatrum,
1408 1425 1445 1447 se
1459 1415 1622 1449 contulit.
1663 1414 1813 1460 Scripsit

417 1472 586 1506 Carmina
603 1472 694 1506 varii
712 1472 873 1518 generis3
901 1472 939 1506 in
956 1472 1024 1512 his,

562 1530 774 1574 Epicedium
793 1529 817 1562 J
819 1530 891 1564 usti
910 1529 1038 1573 Lipsii,
1057 1529 1295 1574 praeceptoris
1313 1529 1380 1569 sui,
1507 1530 1567 1564 lib.
1588 1539 1613 1563 Ι.

564 1587 892 1633 Peregrinationem
912 1598 1014 1620 suam
1030 1598 1095 1631 per
1112 1586 1274 1620 Silesiam
1292 1587 1354 1621 lib.
1374 1595 1399 1620 1.
1447 1586 1502 1620 De
1519 1586 1686 1631 Equuleo
1703 1588 1763 1622 lib.
1785 1597 1810 1622 1.

562 1645 791 1678 Meletemata
819 1644 1027 1690 Hypogaea,
1054 1645 1140 1678 dum
1170 1645 1334 1688 squalore
1364 1644 1512 1678 carceris
1544 1643 1673 1679 Veneti
1699 1656 1812 1680 mace-

608 1706 760 1741 raretur,
787 1702 847 1736 lib.
876 1711 901 1735 1.
954 1701 1202 1747 Olympiodori
1230 1700 1475 1735 Historiarum
1500 1701 1562 1735 lib.
1591 1711 1699 1736 XXII.
1722 1702 1812 1748 Epi-

608 1764 729 1792 tomen
746 1770 791 1792 ex
810 1759 940 1793 Photio
957 1759 1145 1799 recensuit,
1161 1758 1291 1792 Latine
1305 1759 1425 1798 vertit,
1444 1763 1479 1792 et
1492 1759 1587 1793 notis
1605 1760 1810 1796 illustravit.

612 1816 656 1850 In
674 1816 806 1850 librum
826 1815 1040 1860 Hieronymi
1059 1815 1174 1860 Magii
1192 1815 1235 1849 de
1249 1814 1519 1850 Tintinnabulis
1534 1815 1811 1853 Observationes

612 1873 672 1907 lib.
702 1882 726 1907 1.
779 1873 861 1917 Ipse
890 1874 996 1919 longe
1026 1873 1275 1907 excellentiora
1306 1873 1429 1913 edidit,
1461 1874 1521 1907 sed
1555 1885 1621 1920 ego
1651 1875 1811 1916 minima,

610 1931 696 1975 quia
713 1942 734 1964 a
751 1942 807 1964 me
826 1931 914 1970 visa,
932 1931 1117 1965 nominare
1136 1942 1253 1977 cogor.

463 1989 566 2025 Vivit
596 1989 711 2023 adhuc
739 1988 777 2022 in
808 1987 1021 2029 Germanfis,
1054 1988 1110 2022 vir
1135 1989 1291 2033 optimae
1317 1987 1446 2035 frugis,
1474 1993 1509 2023 et
1536 1988 1661 2024 Musas
1687 1990 1810 2025 sedulo

416 2049 508 2083 colit.

919 2160 1136 2196 SEMPLE.
1190 2163 1297 2200 1090.

417 2278 598 2317 SEMPLE‚
633 2277 727 2311 claro
753 2277 897 2311 nomine
923 2283 1038 2321 poeta,
1067 2277 1124 2311 cui
1153 2277 1293 2322 patrius
1320 2288 1436 2311 sermo
1462 2281 1603 2311 tantum
1630 2277 1743 2318 debet,
1770 2283 1811 2312 ut

414 2334 504 2368 nulli
546 2334 627 2377 plus
663 2334 789 2367 debere
824 2334 955 2368 eruditi
990 2334 1192 2369 fateantur:
1236 2334 1323 2368 felix
1362 2335 1400 2368 in
1443 2346 1484 2369 eo
1526 2335 1632 2375 calor,
1678 2339 1809 2379 tempe-

414 2397 532 2426 ratum
571 2391 760 2436 judicium,
805 2403 887 2426 rara
922 2391 1095 2431 inventio,
1138 2392 1247 2426 dictio
1280 2403 1371 2436 pura
1406 2403 1447 2426 ac
1480 2392 1640 2432 candida,
1680 2392 1811 2435 quibus
