2060 2848
650 291 825 324 GENTIS
850 288 1127 327 SCOTORUM,
1151 289 1241 320 LIB.
1264 289 1327 321 IX.
1630 288 1693 321 397

353 387 490 421 Claruit
508 396 600 420 anno
619 393 799 418 DCCLXX.
819 385 875 418 vel
894 392 1057 418 DchIV.
1109 382 1293 417 Arnoldus
1311 381 1432 416 Uvion
1458 381 1518 415 lib.
1539 390 1582 415 11.
1610 381 1690 428 Lig.

304 443 408 478 Vitae
426 455 500 488 cap.
520 451 639 476 xxxl.

727 538 924 572 IMARUS
950 537 1128 572 ABBAS.
1182 539 1266 575 751.

305 614 465 648 IMARUS
483 613 669 648 Scotorum
689 612 1002 656 Herbipolensium
1028 611 1135 645 abbas
1155 620 1226 645 xx.
1252 622 1323 655 quo
1346 611 1489 646 sedente
1516 610 1694 646 Gerardus

303 672 346 705 de
381 670 725 715 Schwartzemburg‚
761 670 944 714 episcopus
976 668 1257 713 Herbipolensis,
1293 669 1424 702 civium
1456 669 1694 708 rebellionem,

304 729 437 773 praelio
455 728 499 761 ad
518 728 712 772 Bertheym
733 726 930 766 commisso,
951 737 1081 771 magna
1105 726 1251 766 virtute,
1278 737 1342 759 nec
1360 726 1498 760 minore
1515 725 1695 761 felicitatis

306 796 480 824 successu,
499 785 688 830 castigavit
706 784 762 817 die
781 792 838 816 XI.
856 783 879 816 J
882 783 1032 817 anuarii.
1085 783 1245 827 Scripsit,
1264 788 1305 817 ut
1323 782 1493 822 referunt,

456 841 634 875 Homilias
1196 840 1256 873 lib.
1277 849 1301 873 1.

358 899 499 933 Floruit
516 909 609 932 anno
628 907 727 932 Men.

668 996 692 1030 J
695 996 800 1030 OAN
803 995 837 1029 N
841 996 901 1030 ES
928 995 1201 1030 IRLANDUS.
1256 998 1338 1033 752.

311 1077 331 1092 “
356 1071 380 1105 J
383 1078 548 1105 OANNES
577 1069 742 1104 Irlandus
772 1069 920 1103 Parisiis
951 1070 1046 1103 inter
1075 1069 1287 1103 Sorbonicos
1319 1070 1479 1103 doctores
1507 1071 1700 1114 plurimum

310 1128 511 1164 excellebat.
551 1127 605 1161 De
624 1138 665 1160 eo
683 1138 764 1160 cum
781 1127 952 1161 audiisset
969 1137 1033 1161 rex
1052 1126 1089 1170 (J
1091 1126 1219 1161 acobus
1238 1126 1324 1172 ΙΙΙ.)
1340 1138 1410 1160 non
1429 1127 1577 1171 quievit,
1592 1128 1701 1162 donec

309 1185 559 1220 honestissima
576 1184 776 1218 conditione
795 1184 1000 1223 invitatum,
1018 1184 1056 1217 in
1073 1184 1227 1227 patriam
1242 1184 1287 1217 ad
1301 1195 1338 1218 se
1356 1189 1556 1219 revocasset
1570 1195 1578 1218 ε
1597 1196 1703 1230 quem

309 1243 464 1289 quidem,
482 1242 545 1276 ubi
563 1242 600 1275 in
619 1240 774 1275 Scotiam
792 1241 965 1280 rediisset,
984 1252 1056 1275 non
1074 1242 1188 1275 solum
1207 1241 1262 1275 his
1281 1241 1466 1275 literarum
1492 1242 1640 1282 artibus,
1664 1248 1704 1276 ut

310 1306 415 1335 antea
431 1299 527 1333 fama
543 1299 586 1332 de
604 1299 665 1332 illo
688 1299 910 1343 vulgaverat,
933 1299 1158 1341 praecellens,
1182 1299 1243 1332 sed
1266 1299 1398 1342 pietate
1423 1310 1575 1344 quoque,
1598 1301 1705 1334 mori-

310 1358 388 1397 bus,
414 1364 450 1391 et
475 1355 705 1390 concionandi
732 1355 777 1388 ad
801 1356 973 1399 populum
999 1356 1090 1388 mira
1114 1356 1327 1390 dexteritate
1354 1356 1613 1396 ornatissimus,
1639 1357 1706 1391 hu-

311 1414 516 1449 manissime
534 1413 681 1457 excepit,
702 1417 737 1446 et
754 1412 860 1456 paulo
878 1416 958 1456 post
976 1413 1171 1446 sacerdotio
1196 1413 1416 1457 amplissimo
1441 1414 1589 1448 donavit
1605 1414 1634 1448 :'’
1665 1420 1706 1448 ut

312 1471 435 1506 scribit
451 1470 475 1504 J
477 1481 607 1504 oannes
627 1469 813 1503 Ferrerius
832 1468 1118 1503 Pedemontanus
1136 1469 1174 1503 in
1192 1469 1399 1514 Appendice
1417 1470 1602 1505 Historiae
1626 1471 1708 1505 Sco-

313 1529 414 1563 ticae.
459 1527 598 1561 Tantae
615 1526 674 1560 hic
691 1526 920 1572 dignationis,
938 1530 980 1559 ut
998 1537 1078 1559 cum
1098 1526 1311 1572 theologiam
1330 1527 1568 1571 profiteretur,
1587 1540 1609 1562 a
1626 1540 1708 1574 rege

313 1585 533 1619 Francorum
564 1584 602 1617 in
632 1583 787 1617 Scotiam
819 1583 968 1628 legatus,
999 1588 1041 1617 ut
1070 1594 1189 1629 regem
1224 1584 1269 1617 ad
1300 1584 1432 1618 bellum
1464 1596 1545 1618 cum
1576 1585 1706 1632 Anglis

311 1643 505 1689 gerendum
526 1641 798 1675 adhortaretur:
817 1640 854 1673 in
872 1651 913 1674 ea
930 1640 1037 1674 etiam
1055 1641 1232 1687 legatione
1249 1652 1474 1686 summopere
1493 1643 1651 1684 curabat,
1667 1649 1707 1677 ut

313 1700 518 1734 Alexander
535 1699 609 1732 dux
626 1697 802 1732 Albaniae
819 1708 900 1731 cum
918 1708 1000 1743 rege
1018 1697 1204 1732 Scotorum
1223 1710 1287 1733 suo
1306 1710 1476 1745 germano
1493 1700 1532 1733 in
1554 1701 1707 1746 gratiam

314 1757 456 1795 rediret,
475 1756 536 1789 sed
554 1756 658 1789 irrito
675 1759 816 1789 conatu.
869 1754 969 1788 Idem
995 1754 1213 1799 Appendicis
1238 1767 1320 1801 pag.
1347 1764 1541 1790 ccexcnl.
1569 1757 1710 1792 Laudat

315 1814 466 1848 eundem
491 1813 530 1846 in
554 1812 623 1846 fine
640 1810 883 1856 Appendicis:
913 1816 934 1831 “
951 1811 1032 1846 Viri
1055 1812 1250 1846 doctissimi
1276 1812 1485 1854 floruerunt,
1514 1826 1532 1848 e
1558 1826 1710 1859 quorum

316 1881 463 1904 numero
490 1870 623 1914 prodiit
652 1868 803 1914 insignis
829 1879 848 1902 e
874 1868 993 1902 schola
1022 1868 1215 1903 Parisiensi
1245 1870 1445 1916 theologus,
1475 1876 1508 1905 et
1535 1872 1710 1917 evangelii

316 1927 541 1961 concionator
565 1925 787 1970 percelebris,
812 1924 836 1958 J
838 1936 969 1959 oannes
995 1931 1228 1971 cognomento
1255 1926 1431 1966 Irlandus,
1459 1928 1603 1962 natione
1630 1928 1711 1962 Sco-

318 1983 409 2018 tus.”
460 1983 611 2027 Scripsit

468 2040 511 2074 In
530 2039 748 2085 Magistrum
769 2039 1035 2074 Sententiarum
1205 2041 1267 2075 lib.
1288 2050 1340 2075 Ν.

467 2097 663 2131 Coneiones
682 2107 798 2130 sacras
1210 2098 1271 2132 lib.
1292 2107 1317 2131 1.

468 2153 779 2187 Reconciliationis
798 2152 959 2193 Modum,
978 2154 1022 2187 ad
1040 2153 1214 2189 Jacobum
1229 2155 1298 2189 III.
1315 2155 1462 2202 Regem,
1476 2166 1583 2201 super
1597 2157 1712 2191 Dissi-

518 2212 577 2245 dio
595 2221 675 2244 cum
694 2209 795 2243 Duce
812 2209 998 2250 Albaniae,
1212 2212 1273 2246 lib.
1294 2222 1318 2246 1.

468 2268 653 2313 Epistolas
779 2267 840 2300 lib.
862 2275 886 2300 1.
937 2267 1024 2301 Vidi
1042 2279 1188 2303 excusas
1207 2269 1383 2304 Lutetiae.

370 2326 578 2373 Legationis
604 2336 734 2359 munus
761 2324 875 2358 obivit
901 2335 994 2359 anno
1022 2334 1291 2361 Mccchxxx.
1315 2329 1458 2373 quando
1482 2329 1619 2370 obierit,
1645 2341 1716 2364 non

321 2384 546 2429 deprehendi.

829 2447 939 2473 FINIS
958 2448 1074 2474 LIBRI
1094 2448 1209 2475 NONI.

1003 2506 1029 2530 x
