2060 2848
648 309 824 343 GENTIS
848 309 1124 349 SCOTORUM,
1148 309 1236 343 LIB.
1262 309 1376 343 xvu.
1640 313 1704 344 589

399 429 401 432 v
466 402 606 438 Prodiit
623 403 831 438 Mediolani.

366 459 470 494 Vixit
486 470 580 495 anno
600 468 788 495 mccrxx.

748 573 908 608 SIMON
935 573 1113 609 ABBAS.
1166 576 1272 614 1059.

316 687 453 723 81MON
471 688 578 723 abbas
601 689 644 722 de
661 687 920 729 Dunfermelin,
944 689 1000 723 vir
1024 688 1133 722 animi
1152 688 1319 734 ingentis,
1345 689 1406 723 sed
1428 689 1541 735 magis
1570 691 1699 724 secula-

316 745 416 780 ribus
434 746 587 791 negotiis
605 756 712 790 quam
731 745 973 779 ecclesiasticis
999 745 1213 789 implicatus,
1239 749 1359 779 orator
1376 746 1506 780 missus
1523 747 1567 780 ad
1580 758 1699 792 regem

315 801 469 849 Angliae
487 802 532 836 ad
549 802 776 846 repetendam
800 802 989 836 comitatus
1016 801 1250 835 Huntintonii
1276 802 1539 846 proprietatem,
1565 803 1699 848 aliquot

317 862 397 902 post
426 869 538 893 annos
563 858 607 893 ob
637 859 797 892 innatam
822 858 932 892 animi
956 859 1186 903 pertinaciam
1212 863 1248 892 et
1271 858 1528 892 intolerabilem
1554 870 1699 904 operum

315 915 533 958 proterviam
555 915 735 959 depositus
762 919 817 949 est
838 915 876 949 in
899 915 1056 955 concilio,
1080 922 1122 949 ut
1144 919 1242 959 puto,
1267 914 1478 955 Stirlinensi,
1504 916 1585 951 licet
1610 918 1699 951 mul-

318 976 395 1005 tum
414 983 528 1006 comes
546 972 589 1006 de
607 971 700 1012 Mar,
724 971 787 1016 qui
810 972 996 1017 legationis
1013 971 1232 1017 Anglicanae
1249 972 1362 1006 socius
1380 971 1461 1012 fuit,
1475 973 1697 1007 reniteretur.

317 1027 466 1074 Scripsit

463 1085 536 1119 Pro
554 1085 795 1119 Restitutione
813 1095 888 1125 sua,
906 1085 951 1119 ad
969 1085 1115 1130 Regem,
1287 1085 1360 1119 lib.
1380 1094 1405 1119 1.

366 1141 501 1176 Missus
529 1146 583 1176 est
613 1142 752 1187 legatus
780 1152 874 1176 anno
903 1150 1089 1175 MCCLxx.
1142 1141 1430 1178 Scotichronicon
1458 1142 1519 1176 lib.
1552 1152 1592 1177 x.
1621 1155 1697 1187 cap.

317 1207 432 1232 xxw.
484 1197 678 1242 Depositus
708 1202 772 1237 est,
807 1203 842 1232 et
872 1197 984 1232 officio
1014 1198 1152 1232 abbatis
1183 1198 1327 1244 ejectus,
1358 1209 1450 1233 anno
1483 1208 1696 1234 MCCLXXV.

316 1255 603 1290 Scotichronicon
622 1255 744 1289 eodem
761 1255 852 1289 libro
869 1266 944 1300 cap.
964 1263 1112 1289 xxxvl.

628 1369 672 1403 B.
699 1368 946 1403 SALAMON
970 1368 1220 1403 DECANUS.
1274 1368 1379 1403 1060.

315 1485 359 1520 Β.
387 1484 604 1525 SALAMON,
631 1485 782 1519 decanus
808 1483 1044 1523 Glascuensis,
1076 1484 1162 1517 dum
1188 1483 1352 1529 Rogerus
1377 1483 1611 1520 Eboracensis
1636 1498 1695 1521 an-

314 1542 415 1576 tistes
450 1552 523 1575 non
556 1552 662 1575 suum
697 1541 802 1574 modo
841 1541 1155 1585 metropolitanum
1192 1539 1370 1574 Thomam
1408 1540 1697 1577 Cantuariensem

316 1602 507 1643 sperneret,
526 1598 587 1631 sed
604 1602 640 1631 et
657 1598 749 1631 mira
775 1598 980 1643 arrogantia
1004 1597 1235 1641 inauditaque
1262 1597 1427 1641 superbia
1447 1599 1508 1643 jus
1534 1599 1571 1632 in
1595 1601 1698 1633 eccle-

315 1656 385 1689 sias
413 1655 568 1689 Scoticas
601 1659 772 1699 tanquam
801 1654 869 1688 sibi
896 1654 1071 1699 subjectas
1097 1658 1346 1698 praesumeret,
1375 1655 1521 1689 concilio
1545 1655 1698 1690 Eboraci

315 1712 438 1746 habito
468 1712 520 1746 ita
549 1712 750 1746 libertatem
780 1723 820 1746 ac
849 1711 1060 1757 dignitatem
1089 1711 1217 1745 Scotici
1252 1711 1335 1745 cleri
1369 1711 1583 1756 disputando
1618 1725 1698 1758 pro-

314 1770 500 1815 pugnavit,
523 1773 564 1803 ut
589 1773 610 1788 “
627 1769 784 1802 maxima
802 1773 893 1803 esset
917 1768 1120 1814 Anglorum
1146 1768 1316 1808 confusio,
1344 1767 1529 1802 Scotorum
1552 1770 1696 1815 gloria,''

316 1827 366 1860 ait
389 1826 676 1860 Scotichronicon
703 1825 763 1860 lib.
791 1834 880 1859 v111.
908 1836 984 1870 cap.
1011 1833 1079 1858 xv.
1131 1824 1330 1858 Comitatus
1355 1824 1471 1859 fuerat
1498 1824 1698 1871 Angelran-

315 1895 412 1923 num,
430 1894 505 1927 cap.
521 1891 592 1917 XV.
611 1894 673 1916 seu
687 1882 954 1929 Ingelrannum,
972 1886 1014 1915 ut
1034 1880 1250 1914 Hovedenus
1264 1881 1433 1925 loquitur,
1449 1886 1483 1916 et
1496 1881 1694 1916 Walterum

315 1942 468 1985 priorem
493 1941 536 1974 de
560 1941 676 1980 Calco,
700 1940 754 1974 uti
780 1939 846 1973 hoc
871 1950 975 1984 opere
1001 1937 1060 1972 lib.
1082 1946 1137 1971 lx.
1165 1941 1201 1971 et
1218 1946 1305 1971 XIX·
1334 1938 1479 1972 videbis.
1532 1937 1695 1973 Salamou

316 1998 457 2042 scripsit

464 2055 534 2089 Pro
552 2054 669 2090 Causa
686 2054 909 2101 Angelranni
1297 2052 1357 2087 lib.
1378 2062 1402 2086 1.

463 2112 698 2146 Monitorium
717 2112 762 2145 ad
781 2111 962 2157 Rogerum
981 2109 1238 2143 Eboracensem
1293 2109 1354 2143 lib.
1376 2118 1400 2142 1.

463 2169 749 2213 Appellationem
767 2168 811 2202 ad
830 2167 965 2212 Papam
1228 2183 1231 2186 >
1296 2166 1356 2200 lib.
1377 2176 1402 2201 1.

460 2227 516 2260 De
533 2226 557 2259 J
558 2237 621 2260 ure
638 2225 816 2260 Ecclesiae
834 2224 1036 2258 Scoticanae
1297 2223 1357 2257 lib.
1378 2232 1403 2256 1.

462 2284 647 2318 Sermones
664 2293 770 2327 super
787 2281 994 2327 Evangeliis
1295 2281 1355 2315 lib.
1376 2289 1428 2314 1v.

366 2341 533 2376 Florebat
559 2351 651 2374 anno
676 2348 850 2375 MCLXiv.
876 2349 946 2383 quo
971 2349 1076 2373 causa
1101 2339 1196 2383 apud
1221 2337 1426 2373 Pontificem
1453 2338 1695 2373 Alexandrum
