2060 2848
666 315 842 348 GENTIS
866 314 1141 352 SCOTORUM‚
1168 315 1255 346 LIB.
1282 314 1363 348 XII.
1649 313 1711 343 485

809 454 845 499 s.
873 464 1090 499 MARCUS.
1143 467 1225 502 918.

326 582 362 616 S.
390 582 575 621 MARCUS,
602 581 787 625 episcopus
814 579 962 620 Scotiae,
988 580 1273 625 peregrinatione
1298 576 1451 612 Romam
1478 579 1653 619 instituta,
1673 580 1710 613 in

326 650 490 684 regressu
509 639 553 672 ad
580 638 616 672 S.
636 638 730 672 Galli
756 637 1012 671 monasterium
1038 638 1075 671 in
1104 636 1280 670 Helvetiis
1307 636 1479 676 substitit,
1505 641 1540 670 et
1566 638 1712 671 sanctis-

327 696 415 730 sime
433 707 513 729 cum
531 695 702 730 fratribus
722 695 825 728 vixit.
869 693 1122 728 Eckerhardus
1141 693 1335 727 monachus
1354 694 1391 726 in
1408 692 1494 727 Vita
1508 693 1543 727 S.
1560 693 1592 726 N
1597 695 1710 728 otkeri

328 753 471 787 Balbuli
490 764 566 797 cap.
586 762 675 786 Vl11.
704 758 724 772 ‘⁶
743 752 929 791 Quendam
955 752 1158 795 episcopum
1184 750 1420 796 Scotigenam,
1447 751 1589 784 nomine
1615 751 1712 785 Mar-

328 822 419 850 cum,
437 810 613 844 Dominus
632 810 730 843 misit
748 810 792 843 ad
811 810 932 842 cellam
951 808 987 842 S.
1007 808 1111 847 Galli,
1134 808 1195 851 qui
1213 807 1352 840 rediens
1371 806 1497 848 Roma,
1518 809 1712 852 repatriare

329 868 461 907 volens,
480 867 624 901 Gallum
648 872 819 911 tanquam
846 866 1117 910 compatriotam
1144 875 1247 898 suum
1276 865 1412 904 visitat,
1441 866 1497 898 cui
1523 866 1715 899 comitaba-

328 929 388 958 tur
419 924 621 970 (legendum
648 927 771 970 quem)
802 923 895 957 filius
926 923 1056 957 sororis
1083 922 1251 967 Moengal
1281 922 1434 962 nomine,
1465 927 1585 966 postea
1616 924 1713 957 Mar-

329 982 435 1015 cellus
454 993 475 1014 a
492 981 622 1014 nostris
639 981 852 1014 diminutive
871 991 891 1013 a
910 980 1032 1013 Marco
1050 980 1226 1013 avunculo
1240 979 1316 1024 ejus
1340 981 1423 1021 (suo
1441 980 1562 1013 debuit
1584 980 1712 1026 dicere)

329 1042 381 1072 est
401 1042 545 1072 vocatus
561 1049 570 1071 :
600 1038 658 1071 hic
675 1041 751 1071 erat
768 1038 806 1070 in
819 1036 950 1070 divinis
969 1040 1004 1069 et
1022 1037 1187 1070 humanis
1217 1036 1403 1080 scripturis
1421 1037 1714 1072 eruditissimus.''

328 1094 389 1129 An
406 1095 550 1128 Marcus
568 1094 702 1138 aliquid
720 1094 911 1137 scripserit,
932 1104 1003 1127 non
1022 1093 1258 1137 deprehendi3
1286 1093 1377 1126 tanti
1404 1098 1522 1127 tamen
1549 1095 1618 1127 viri
1644 1106 1715 1129 me-

328 1153 475 1186 moriam
495 1151 686 1195 praeterire
704 1162 777 1184 non
795 1150 963 1185 sustinui.

377 1209 516 1243 Claruit
533 1209 626 1242 circa
639 1219 772 1242 annum
785 1216 922 1242 CMXII.
941 1207 965 1241 J
967 1208 1096 1242 odocus
1114 1208 1322 1248 Metzlerus,
1340 1213 1403 1242 aut
1421 1218 1457 1242 L.
1476 1210 1578 1243 annis
1596 1210 1712 1245 citius.

761 1323 797 1357 S.
825 1322 1146 1357 MARCELLUS.
1199 1325 1242 1361 91
1250 1326 1284 1361 9.

330 1439 365 1473 S.
386 1438 654 1478 MARCELLUS,
672 1438 748 1473 sive
768 1439 946 1484 Moengal,
973 1440 1149 1472 avunculo
1176 1438 1299 1472 Marco
1324 1440 1618 1485 peregrinationis
1646 1441 1718 1475 Ro-

330 1508 454 1530 manae
485 1507 610 1535 comeS,
645 1496 884 1530 humanarum
918 1496 1192 1540 divinarumque
1221 1497 1405 1530 literarum
1442 1498 1715 1538 eruditissimus,

330 1559 370 1588 ut
388 1565 431 1587 ex
450 1552 680 1587 Eckerhardo
698 1564 806 1597 supra
823 1553 967 1586 laudato
991 1553 1123 1597 liquet:
1149 1553 1238 1596 quin
1263 1557 1298 1587 et
1323 1554 1397 1597 ipse
1415 1554 1535 1588 subdit
1551 1565 1559 1588 ε
1587 1560 1608 1574 “
1629 1555 1718 1589 Tra-

330 1612 466 1645 duntur
483 1614 563 1654 post
581 1610 687 1645 breve
704 1615 844 1654 tempus
863 1610 1033 1643 Marcello
1051 1610 1189 1643 scholae
1211 1610 1368 1650 claustri,
1394 1622 1472 1644 cum
1497 1611 1609 1646 Beato
1629 1612 1664 1645 N
1667 1618 1719 1647 ot-

329 1669 414 1703 kero
426 1668 588 1708 Balbulo,
601 1672 636 1701 et
649 1668 773 1702 ceteris
786 1667 981 1701 monachici
996 1667 1139 1700 habitus
1157 1667 1309 1711 pueris.''
1352 1667 1466 1701 Fuere
1480 1669 1547 1702 sub
1560 1669 1718 1714 ejusdem

330 1725 454 1764 ferula,
479 1725 692 1759 clarissimae
718 1729 841 1769 postea
867 1724 1077 1762 sanctitatis,
1103 1729 1138 1757 et
1161 1724 1370 1768 praecipuae
1395 1725 1623 1770 dignationis,
1651 1728 1719 1761 viri

332 1783 511 1827 Rapertus
542 1787 576 1816 et
607 1782 768 1822 Tuntilo,
802 1786 844 1815 ut
879 1793 923 1815 ex
956 1782 1159 1815 narratione
1189 1781 1346 1826 ejusdem
1381 1783 1447 1816 loci
1479 1783 1719 1818 manifestum.

331 1839 481 1884 Scripsit

480 1896 535 1930 De
552 1900 686 1940 septem
705 1896 909 1931 liberalibus
927 1896 1136 1940 Disciplinis
1366 1896 1426 1930 lib.
1448 1906 1473 1930 1.

482 1952 537 1986 De
556 1953 696 1987 Musica
1368 1954 1429 1987 lib.
1450 1963 1472 1987 1.

478 2010 533 2044 De
551 2009 687 2044 Cantus
705 2010 945 2044 Ecclesiastici
966 2010 1233 2045 Reformatione
1362 2011 1422 2044 lib.
1444 2020 1468 2044 1.
1520 2011 1721 2048 Eckerhar-

531 2067 597 2100 dus
616 2067 759 2101 ibidem.

383 2125 523 2159 Floruit.
546 2135 639 2158 anno
666 2133 873 2159 DCCCCXII.
898 2128 960 2158 aut
985 2132 1021 2157 L.
1046 2124 1148 2158 annis
1175 2125 1287 2169 prius,
1315 2126 1409 2170 quod
1437 2131 1491 2160 est
1518 2127 1720 2168 verisimile,

334 2194 417 2216 nam
435 2181 616 2216 Notkerus
637 2186 712 2215 tum
732 2193 821 2226 puer
838 2186 926 2215 erat.
978 2181 1188 2215 Castitatem
1206 2182 1244 2215 in
1262 2194 1303 2216 eo
1321 2184 1459 2217 extollit
1477 2183 1569 2218 idem
1587 2183 1722 2219 Ecker-

334 2239 466 2273 hardus
502 2250 576 2283 cap.
615 2247 720 2272 XXII.
762 2244 783 2258 “
812 2238 952 2278 Castus,
983 2242 1024 2272 ut
1059 2238 1219 2272 Marcelli
1250 2240 1454 2284 discipulus,
1489 2242 1551 2286 qui
1581 2241 1722 2276 feminis

335 2297 453 2331 oculos
471 2296 631 2331 clausit.”
682 2295 822 2330 Colitur
840 2296 896 2329 die
914 2304 1017 2329 XVII.
1036 2294 1219 2330 Decembr.
1269 2295 1359 2332 Tab.
1378 2297 1617 2345 Sangallensis
1635 2298 1722 2334 Coe-

336 2353 444 2387 nobii.

1006 2419 1035 2444 x
