2060 2848
676 305 852 340 GENTIS
878 302 1155 342 SCOTORUM,
1181 302 1270 334 LIB.
1296 302 1393 334 VIII.
1670 298 1734 331 367

342 405 515 450 pugnavit
527 404 558 444 ;”
584 402 644 437 sed
663 413 728 447 ego
746 401 837 435 nihil
855 400 968 445 ipsius
987 398 1074 433 vidi.

389 461 542 495 Vivebat
559 471 652 495 anno
672 467 793 493 MCCC.
812 463 853 492 ut
872 458 1022 502 epistola
1040 454 1205 490 Mauritii
1225 453 1363 488 abbatis
1381 452 1520 498 probat.

628 572 922 608 RICRARDUS
950 569 1311 605 HUNGFORDUS.
1365 567 1447 607 693.

340 691 582 725 RlcRARDUs
613 688 852 735 Hungfordus
874 687 1029 734 Anglus,
1053 686 1169 721 socius
1194 686 1228 720 S.
1253 684 1404 720 Joannis
1430 685 1473 719 de
1500 684 1637 724 Pottoc,
1663 683 1734 728 epi-

341 748 437 793 scopi
455 748 491 782 S.
511 747 677 782 Andreae
696 746 886 792 designati,
906 756 987 779 cum
1014 756 1055 779 eo
1072 745 1112 779 in
1129 743 1285 778 Scotiam
1311 743 1422 784 venit,
1449 753 1529 777 cum
1554 753 1594 777 eo
1618 741 1736 777 Scotia

341 806 521 850 expulsus,
552 815 634 839 cum
663 816 704 838 eo
740 803 877 838 Romae
907 804 1039 837 multos
1070 813 1193 842 annos,
1228 802 1273 835 ad
1304 801 1565 846 expeditionem
1596 811 1732 840 causae,

340 864 480 904 haesit;
510 863 654 897 demum
679 873 760 895 cum
787 861 880 895 idem
907 871 987 894 cum
1018 871 1101 906 rege
1127 859 1165 893 in
1190 859 1345 905 gratiam
1371 858 1544 899 rediisset,
1571 858 1734 892 ecclesiae

341 920 585 956 Dunkeldensi
603 919 778 959 admotus,
796 918 892 952 hunc
909 917 978 951 sibi
996 918 1169 952 vicarium
1188 916 1377 951 constituit
1394 926 1402 950 :
1428 916 1491 961 qui
1509 915 1651 960 scripsit

487 977 611 1012 Vitam
628 976 653 1010 J
654 976 778 1010 oannis
796 976 839 1009 de
857 975 985 1009 Pottoc
1089 975 1151 1008 lib.
1174 983 1201 1009 1.
1254 973 1370 1008 Extat
1388 985 1428 1008 ea
1445 973 1526 1008 rudi
1545 974 1639 1019 stylo
1657 984 1735 1008 exa-

539 1038 628 1068 rata.

389 1092 543 1127 Vivebat
560 1102 653 1126 anno
673 1099 885 1124 MCXXCIX.

709 1204 1008 1240 GULIELMUS
1036 1204 1224 1239 HACAT.
1281 1202 1366 1242 694.

338 1323 588 1358 GULu-:LMUS
615 1321 742 1362 Hacat,
776 1332 839 1355 seu
868 1319 1022 1361 Hacket,
1049 1330 1194 1364 operam
1220 1324 1404 1353 strenuam
1433 1318 1648 1355 Senensibus
1675 1332 1735 1355 na-

340 1381 450 1421 vavit,
481 1381 574 1414 inter
604 1379 709 1412 duces
740 1378 796 1412 sui
825 1377 905 1411 aevi
934 1377 1084 1411 militari
1113 1377 1291 1411 industria
1322 1378 1593 1422 comparandus,
1624 1382 1665 1412 ut
1691 1390 1735 1413 ex

340 1439 427 1473 actis
444 1437 594 1482 publicis
612 1435 865 1481 praejudicatis
891 1445 1051 1468 summae
1077 1434 1134 1468 vir
1159 1434 1366 1480 diligentiae
1384 1433 1508 1469 Celsus
1528 1434 1733 1470 Cittadinus

340 1495 515 1530 ostendit:
545 1504 694 1528 uxorem
720 1493 873 1526 duxerat
899 1503 944 1526 ex
969 1492 1080 1526 nobili
1109 1491 1373 1525 Petrussiorum
1399 1490 1549 1532 familia,
1580 1503 1652 1537 qua
1678 1504 1735 1527 ex-

340 1553 480 1592 stincta,
498 1556 534 1586 et
550 1551 642 1585 bello
660 1550 939 1595 haudquaquam
957 1549 1002 1583 ad
1020 1553 1106 1583 vota
1123 1548 1237 1589 finito,
1258 1559 1418 1583 moerore
1435 1548 1616 1584 confectus
1635 1550 1733 1585 obiit.

340 1610 432 1656 Ejus
451 1621 516 1656 ego
535 1609 612 1643 vidi
631 1607 738 1642 MSS.

490 1666 695 1701 Relationes
714 1666 756 1699 de
776 1665 877 1699 Bello
896 1664 1042 1699 Senensi
1330 1664 1394 1699 lib.
1413 1673 1437 1697 Ι.

389 1724 492 1760 Vixit
510 1736 604 1759 anno
629 1732 764 1758 MDLX.

729 1837 953 1873 JACOBUS
982 1836 1207 1872 HACKET.
1261 1835 1345 1876 695.

342 1955 523 1988 JACOBUS
553 1953 704 1994 Hacket‚
732 1952 980 1999 ludimagister
1005 1951 1176 1987 Newarki
1202 1953 1248 1987 ad
1279 1951 1464 1993 Trentam,
1494 1953 1635 1997 scripsit
1666 1966 1730 1998 pro

344 2012 471 2055 patria,

490 2067 626 2102 Contra
644 2067 821 2102 Thomam
839 2066 1022 2101 Nevilium
1326 2067 1386 2102 lib.
1408 2077 1432 2101 1.

393 2124 547 2159 Videtur
565 2125 696 2160 vixisse
713 2136 807 2159 anno
826 2132 953 2159 MCDL.

691 2239 715 2273 J
718 2238 925 2274 OANNES
952 2237 1247 2275 HUTTENUS.
1299 2238 1383 2278 696.

345 2356 368 2389 J
371 2363 538 2390 oANNEs
559 2354 745 2390 Huttenus
763 2353 958 2399 presbyter,
977 2355 1076 2389 curio
1092 2354 1209 2389 Divae
1222 2354 1384 2402 Virginis
1402 2356 1447 2390 ad
1460 2356 1560 2391 nives
1573 2355 1734 2392 Aberdo·

346 2413 424 2447 niae
442 2417 525 2447 ante
546 2411 735 2447 Hectorem
754 2411 958 2452 Boethium,
977 2412 1130 2458 scripsit,
1147 2417 1189 2448 ut
1206 2413 1281 2458 ipse
1298 2413 1410 2454 testis,
1449 2447 1450 2450 ,
