2060 2848
387 351 450 382 416
778 349 1009 383 HISTORIA
1033 349 1405 383 ECCLESIASTICA

721 502 954 538 JOANNES
980 501 1315 538 KUNINGHAM.
1369 501 1451 540 763.

391 618 415 651 J
418 625 584 653 OANNES
614 618 862 666 Kuningham,
893 630 956 655 seu
985 618 1256 664 Cuningamius,
1287 629 1332 653 ex
1358 617 1581 652 nobilissima
1609 618 1782 653 comitum

392 674 624 710 Glencarniae
649 675 796 717 familia,
823 676 1060 711 clarissimum
1085 687 1108 710 a
1132 675 1169 709 S.
1187 675 1388 722 theologiae
1411 675 1531 710 studio
1555 686 1686 710 nomen
1709 687 1782 710 sor-

370 750 372 752 ·
391 733 492 773 titus,
509 737 586 768 tota
602 733 752 778 Europa
767 734 931 775 lustrata,
947 732 1038 767 Asia
1054 733 1162 767 etiam
1176 744 1217 767 ac
1233 732 1360 767 Africa
1373 733 1471 772 visis,
1487 732 1636 767 Parisiis
1651 733 1781 767 substi-

390 792 447 831 tit,
466 791 644 825 communi
658 791 790 826 scilicet
804 802 844 825 eo
858 792 976 825 seculo
989 790 1175 824 literarum
1188 790 1346 834 emporio
1361 799 1369 823 :
1388 800 1428 823 ac
1441 793 1564 833 postea
1578 790 1696 824 nescio
1709 801 1781 834 quo

389 847 475 888 fato,
494 847 795 882 Paderbornensis
815 848 1000 893 episcopus
1018 847 1249 881 renunciatus
1272 858 1294 881 a
1317 846 1504 881 Bonifacio
1527 846 1594 881 IX.
1619 852 1782 881 recusato

388 906 522 939 honore
539 905 584 939 ad
601 904 724 939 Scotos
742 916 824 940 suos
846 905 971 945 redux,
997 904 1043 938 ad
1066 903 1172 938 finem
1196 904 1293 938 vitae
1316 904 1418 938 bonis
1445 903 1581 938 artibus
1607 904 1780 938 incubuit.

389 962 485 996 Male
502 961 665 1008 Anglum
681 961 768 997 facit
786 961 910 996 Sixtus
928 961 1094 997 Senensis
1118 961 1156 996 in
1179 961 1403 997 Bibliotheca
1429 960 1560 996 Sancta
1585 961 1646 995 lib.
1667 970 1720 995 IV.
1748 967 1783 996 et

387 1019 611 1066 Kiningham
629 1024 743 1054 vocat.
797 1019 948 1064 Scripsit

534 1077 725 1112 Lecturam
743 1077 782 1111 in
801 1076 965 1111 Threnos
1279 1077 1339 1112 lib.
1360 1086 1384 1111 1.

436 1135 575 1170 Claruit
592 1146 685 1169 anno
704 1143 932 1169 MCCCXCIX.

851 1249 887 1284 S.
916 1247 1175 1284 KILIANUS.
1230 1248 1312 1287 764.

386 1367 421 1400 S.
450 1367 658 1400 KILIANUS
684 1366 755 1407 hic,
781 1365 826 1400 ab
850 1365 1164 1409 Herbipolensium
1191 1365 1351 1409 apostolo
1376 1364 1551 1406 diversus,
1586 1365 1621 1399 S.
1649 1366 1780 1400 Levini

385 1423 637 1468 archiepiscopi
655 1435 699 1457 ex
718 1423 837 1457 Scotia
855 1433 970 1456 comes
992 1422 1174 1462 itinerum,
1199 1422 1435 1467 laborumque
1458 1423 1587 1464 socius,
1612 1424 1779 1458 sanctita-

384 1482 430 1516 tis
461 1479 667 1526 discipulus,
699 1492 740 1515 ac
767 1481 912 1514 demum
943 1479 1118 1524 passionis
1149 1483 1338 1525 spectator,
1367 1480 1584 1515 sanctissimi
1609 1482 1779 1527 martyris

383 1550 509 1583 corpus
528 1539 566 1572 in
585 1538 782 1578 Hauthem,
800 1538 959 1571 vicinum
977 1537 1152 1582 martyrio
1169 1537 1301 1577 vicum,
1320 1548 1401 1572 cum
1421 1538 1525 1572 sociis
1543 1538 1617 1572 suis
1635 1550 1675 1573 ac
1699 1550 1779 1573 con-

382 1597 565 1640 discipulis
584 1595 690 1630 Helia
708 1600 743 1629 et
762 1595 925 1629 Foillano
949 1594 1113 1639 religiose
1138 1594 1277 1628 detulit.
1330 1593 1419 1629 Vita
1444 1594 1480 1629 S.
1508 1594 1649 1636 Levini,
1677 1597 1777 1642 cujus

383 1654 535 1698 epitome
555 1653 650 1697 apud
668 1653 898 1687 Franciscum
924 1650 1120 1692 Haraeum,
1140 1651 1177 1685 id
1199 1652 1318 1697 ipsum
1345 1656 1499 1687 testatur
1524 1653 1581 1687 die
1604 1662 1677 1687 XII.
1706 1653 1780 1688 No-

382 1711 548 1745 vembris.
600 1710 750 1754 Scripsit

528 1770 650 1804 Vitam
669 1774 704 1804 et
723 1769 833 1803 Gesta
851 1769 981 1803 Levini
999 1767 1164 1815 magistri
1275 1767 1337 1802 lib.
1357 1777 1382 1802 1.

431 1827 613 1862 Scribebat
630 1839 723 1862 anno
743 1835 953 1861 Dcxxxm.

823 1942 859 1976 S.
887 1940 1193 1977 KUNDAKAR.
1247 1939 1330 1979 765.

381 2058 416 2092 S.
448 2058 692 2093 KUNDAKAR
726 2057 932 2098 monachus,
969 2069 1010 2092 ac
1043 2057 1237 2102 discipulus
1272 2056 1309 2091 S.
1340 2056 1531 2097 Bonifacii,
1562 2057 1773 2093 Germaniae

380 2116 541 2160 apostoli,
562 2121 704 2150 auctore
722 2116 883 2150 Othlono
900 2114 1071 2149 Fuldensi
1088 2115 1127 2148 in
1140 2114 1227 2149 Vita
1245 2114 1322 2160 ejus
1341 2114 1401 2149 lib.
1422 2123 1464 2149 11.
1483 2126 1565 2162 pag.
1585 2125 1773 2150 CCCCLXI.

379 2163 483 2207 forte*
498 2178 533 2207 et
556 2173 719 2218 martyrii
745 2174 905 2219 ejusdem
931 2173 1059 2214 socius,
1087 2172 1149 2217 qui
1177 2183 1257 2206 cum
1284 2172 1364 2206 aliis
1390 2177 1621 2207 enumeratur
1646 2185 1667 2207 a
1685 2173 1774 2207 Not-

380 2230 466 2263 kero
484 2230 635 2264 Balbulo
653 2231 691 2264 in
710 2231 974 2277 Martyrologio
991 2230 1027 2264 N
1030 2242 1087 2264 on.
1106 2229 1130 2263 J
1132 2229 1219 2269 unii,
1238 2229 1308 2263 nisi
1327 2230 1423 2274 quod
1442 2229 1655 2264 Gundechar
1673 2240 1771 2264 voce-

380 2292 460 2328 tur;
492 2288 552 2321 sed
570 2288 716 2322 nomina
732 2289 794 2322 illa
812 2299 915 2332 saepe
933 2292 1110 2332 corrupta.
1162 2286 1255 2333 Ejus
1274 2291 1328 2320 est

526 2343 719 2378 Instructio
737 2346 782 2378 ad
800 2344 936 2379 Frisios
1270 2344 1331 2379 lib.
1353 2353 1377 2378 1.

426 2401 568 2436 Floruit
585 2412 678 2436 anno
696 2410 843 2436 nccnv.
