2118 2854
686 309 860 343 GENTIS
885 308 1162 348 SCOTORUM,
1186 309 1275 341 LIB.
1296 309 1392 341 VIII.
1668 310 1731 340 357

402 406 638 442 Profitebatur
660 415 754 439 anno
774 411 1002 437 Mnrxxvn.
1023 401 1118 437 Acta
1134 403 1293 448 ejusdem
1309 402 1466 437 nationis
1483 413 1564 449 pag.
1584 412 1729 438 eLxm.

350 466 514 511 vigetque
532 463 625 497 inter
641 462 762 495 doctos
780 461 973 494 etiamnum
993 470 1132 494 nomen.

662 574 899 610 JOANNES
927 574 1279 609 HAMILTONUS.
1332 573 1414 613 675.

345 693 368 726 J
373 700 538 726 OANNES
557 691 798 730 Hamiltonus,
817 691 908 724 alter
925 689 1276 731 Sanct-Andreanus,
1291 691 1373 724 licet
1385 690 1485 734 prius
1503 690 1634 734 publici
1652 691 1731 725 doc-

346 751 433 784 toris
451 760 582 784 munus
600 749 759 788 subierit,
778 753 898 782 tamen
915 747 1091 792 posterius
1109 748 1217 792 priori
1238 748 1337 788 obiit,
1360 747 1495 793 insigni
1520 748 1558 781 in
1581 752 1732 792 utraque

346 808 469 853 lingua
491 806 700 845 eruditione,
726 816 790 839 nec
814 805 933 838 minus
961 804 1167 844 Hebraicae‚
1194 816 1302 849 quam
1328 804 1483 839 Graecae
1509 809 1544 839 et
1569 805 1731 845 Latinae,

347 865 495 908 peritus.
547 863 679 897 Docuit
696 862 735 895 in
752 861 953 896 Becodiano
971 865 1006 895 et
1024 861 1205 902 Plessae03
1231 862 1373 896 demum
1392 861 1604 897 Sorbonicus
1618 864 1732 897 socius

347 923 384 955 in
403 921 560 967 Collegio
579 920 785 953 Navarraeo
803 919 906 958 vixit,
929 918 1126 953 doctiorum
1150 918 1386 959 doctissimus,
1408 923 1451 953 ut
1474 918 1644 954 Claudius
1663 920 1733 954 Mi—

346 990 409 1012 nos
428 979 542 1012 dicere
560 977 705 1011 solebat.
757 975 907 1020 Scripsit

492 1034 735 1068 Praefationes
753 1034 913 1067 solennes
1282 1033 1342 1068 lib.
1363 1043 1388 1067 1.

491 1091 546 1125 De
563 1091 783 1125 eruditorum
804 1089 1058 1135 praerogativa
1283 1090 1343 1125 lib.
1364 1100 1388 1124 1.

491 1148 665 1182 Locorum
686 1159 704 1180 e
723 1147 904 1181 Thalmud
921 1146 1129 1181 Versionem
1280 1148 1341 1182 lib.
1362 1157 1387 1182 1.

490 1205 545 1240 De
563 1205 737 1239 Rabbinis
1278 1205 1339 1239 lib.
1360 1214 1385 1239 1.

391 1263 500 1299 Venit
518 1262 674 1296 Parisios
692 1272 785 1296 anno
804 1269 956 1294 MDLXI.
1008 1259 1102 1295 Acta
1119 1262 1241 1296 eadem
1258 1273 1341 1308 pag.
1362 1271 1546 1298 LXXXIII.

660 1376 683 1409 J
686 1375 830 1410 OANN
832 1375 893 1409 ES
921 1374 1274 1411 HAMILTONUS.
1328 1376 1411 1415 676.

341 1493 532 1526 JOANNES
563 1490 793 1524 Hamiltonus
823 1490 901 1530 iste,
932 1500 1052 1523 omnes
1084 1490 1140 1523 sui
1175 1491 1283 1524 seculi
1318 1492 1475 1527 eruditos
1510 1493 1729 1538 incompara-

343 1550 403 1584 bili
438 1550 582 1588 virtute,
613 1551 649 1581 et
678 1547 812 1592 ingenii
842 1546 1011 1580 felicitate
1041 1547 1146 1592 longe
1177 1552 1474 1594 praetergressus,
1508 1550 1729 1585 nobilissimo

340 1608 415 1640 loco
442 1610 553 1645 ortus,
585 1604 745 1638 Thomae
776 1603 988 1643 Hamiltoni,
1021 1603 1158 1638 Scotiae
1186 1606 1377 1646 secretarii,
1403 1606 1553 1641 Comitis
1583 1608 1730 1642 Mailro-

340 1664 412 1697 siae
436 1674 476 1697 ac
499 1661 683 1701 senatoris,
707 1660 808 1706 regni
833 1661 1101 1701 conservatoris,
1130 1661 1250 1702 frater,
1277 1662 1443 1697 Lutetiae
1468 1664 1729 1709 philosophiam

340 1720 470 1759 docuit,
514 1724 590 1753 turn
632 1718 714 1752 DD.
750 1717 870 1752 Cosmi
912 1723 948 1751 et
985 1717 1153 1752 Damiani
1186 1719 1225 1752 in
1260 1720 1381 1753 eadem
1416 1721 1594 1755 academia
1627 1733 1726 1766 paro-

339 1778 436 1817 chus,
463 1777 578 1811 socius
604 1775 829 1814 Sorbonicus,
853 1775 1107 1820 adJuvantibus
1129 1776 1283 1810 Busiaeo
1308 1778 1340 1810 le
1366 1776 1476 1818 Clerc,
1506 1783 1541 1812 et
1564 1778 1729 1813 Buchero

340 1837 480 1870 doctore
516 1835 692 1879 theologo,
729 1844 848 1867 omnes
884 1833 985 1879 regni
1015 1833 1155 1866 ordines
1185 1833 1223 1867 in
1253 1839 1359 1878 caput
1394 1834 1541 1869 Henrici
1576 1836 1639 1871 IV.
1675 1848 1727 1870 re-

339 1894 406 1938 gis,
440 1892 598 1926 nondum
635 1891 750 1924 adhuc
784 1890 969 1930 Catholici,
1007 1890 1209 1930 concitavit,
1245 1892 1379 1925 nescias
1412 1891 1620 1927 ferventiori
1654 1895 1728 1938 pie-

340 1955 423 1989 tate,
442 1960 487 1982 an
505 1948 663 1981 viriliore
681 1947 810 1987 animo,
837 1958 917 1980 cum
940 1947 1016 1991 ipse
1042 1951 1200 1981 armatus
1225 1958 1346 1981 muros
1372 1950 1628 1990 conscenderet,
1655 1952 1727 1985 sin-

338 2007 440 2053 gulos
478 2005 693 2043 hortaretur,
728 2015 746 2037 e
781 2004 929 2047 pulpitis
963 2003 1182 2038 fulminaret.
1248 2004 1417 2039 Meminit
1447 2006 1556 2039 satira
1591 2006 1725 2042 Gallica

338 2064 399 2097 illa
416 2061 711 2107 ingeniosissima,
729 2061 810 2094 licet
828 2071 955 2104 parum
973 2061 1043 2104 pia,
1071 2061 1128 2094 cui
1146 2061 1272 2095 titulus
1291 2061 1498 2096 Catholicon
1518 2062 1724 2108 Hispaniae,

338 2121 439 2165 cujus
458 2123 580 2152 auctor
593 2117 616 2150 J
618 2128 748 2151 oannes
766 2117 989 2150 Passeratius
1003 2116 1193 2150 ferebatur.
1233 2117 1302 2151 Sed
1321 2119 1437 2152 soluta
1455 2118 1647 2154 Parisiensi
1665 2122 1726 2156 ob-

338 2178 482 2215 sidione,
519 2180 553 2209 et
588 2186 670 2220 rege
704 2186 725 2207 a
759 2174 939 2207 Clemente
973 2173 1078 2207 VIII.
1114 2174 1278 2218 pontifice
1312 2175 1517 2210 interventu
1552 2176 1724 2214 Gordonii

337 2234 495 2268 Jesuitae
523 2232 619 2266 Scoti
647 2232 821 2270 absoluto,
848 2231 923 2275 ipse
950 2230 1138 2264 Bruxellas
1165 2232 1346 2272 concessit,
1375 2232 1559 2267 Bucherus
1587 2234 1725 2271 Torna-

338 2302 429 2330 cum,
458 2290 632 2323 Busiaeus
658 2289 695 2321 in
722 2287 928 2321 Cimbriam.
981 2286 1112 2321 Noster
1134 2299 1229 2328 vero,
1255 2293 1336 2332 post
1358 2289 1494 2334 aliquot
1519 2302 1640 2332 annos,
1665 2293 1724 2327 de-

338 2348 466 2382 siderio
492 2346 617 2380 salutis
643 2356 789 2379 suorum
816 2345 947 2378 civium
974 2349 1103 2384 motus,
1130 2345 1167 2378 in
1190 2344 1344 2380 Scotiam
1368 2347 1517 2392 trajecit,
1544 2353 1578 2382 et
1602 2360 1622 2382 a
1645 2361 1722 2393 per-

336 2405 414 2438 fidis
432 2404 606 2449 proditus,
624 2414 644 2436 a
663 2402 842 2437 Sathanae
860 2402 1035 2435 ministris
1054 2406 1189 2446 captus,
1216 2413 1255 2436 ac
1276 2403 1382 2448 jussu
1399 2403 1492 2449 regis
1519 2403 1721 2441 Londinum

1020 2467 1044 2491 Ε
