2060 2848
716 309 950 343 HISTORIA
973 307 1355 341 ECCLESIASTICA.
1665 308 1728 343 407

333 407 428 441 tibus
445 406 606 445 fundato,
625 403 825 448 Asaphum,
843 408 884 438 ut
902 403 996 438 dixit
1013 403 1127 437 civem
1151 414 1192 436 ac
1215 403 1430 447 discipulum
1454 414 1571 443 suum,
1589 414 1724 439 succes-

332 474 445 497 sorem
479 463 547 497 sibi
581 461 827 508 inauguravit,
856 465 891 495 et
925 460 971 494 ad
1004 459 1255 494 Glascuensem
1289 470 1390 493 suam
1427 460 1545 493 sedem
1581 460 1722 500 redivit,

330 519 391 554 ubi
425 530 565 554 summa
597 518 798 553 sanctitatis
833 518 999 562 opinione
1032 517 1192 557 excessit,
1227 518 1266 551 in
1295 521 1500 551 sanctorum
1534 528 1724 551 numerum

331 578 474 617 relatus,
494 576 762 620 incredibilique
780 575 899 609 studio
912 586 953 609 ea
969 586 990 609 a
1007 579 1112 620 gente
1126 575 1265 615 cultus3
1284 575 1396 608 miror
1413 579 1533 608 tamen
1546 585 1610 608 cur
1627 575 1726 609 Mar-

331 635 499 680 tyrologii
518 633 674 668 Romani
692 632 823 667 tabulis
841 644 914 667 non
931 633 979 666 sit
1002 632 1189 677 ascriptus.
1241 632 1419 666 Recolunt
1444 637 1620 666 nostrates
1648 633 1724 678 ejus

331 693 579 727 solennitatem
614 692 671 726 die
706 700 799 725 X111.
834 691 1010 725 Januarii.
1075 688 1232 723 Joannes
1261 689 1429 723 Molanus
1458 689 1643 724 Addition.
1680 691 1725 723 ad

333 749 487 784 Usuard.
507 749 745 795 Martyrolog.
797 753 818 768 “
836 749 880 783 In
906 748 1025 783 Scotia
1049 747 1085 781 S.
1105 746 1329 792 Kentigerni,
1357 747 1515 791 episcopi
1533 746 1724 782 Glascuen-

333 808 392 847 sis,
419 812 454 841 et
472 806 714 841 confessoris.’'
763 805 892 840 Altum
918 805 1013 851 apud
1038 804 1126 838 alios
1152 804 1345 838 silentium.
1397 804 1430 838 O
1455 804 1607 850 injurias
1632 810 1723 844 tuas,

333 863 472 898 Scotia!
524 864 617 909 Ejus
635 868 737 898 sunt:

481 921 542 955 Ad
559 921 774 955 Rodericum
794 920 930 966 Regem
1227 918 1330 962 epist.
1351 927 1376 951 1.

478 978 538 1013 Ad
556 978 720 1012 Avarum
740 978 876 1023 Regem
1227 976 1331 1019 epist.
1352 984 1376 1009 1.

480 1035 535 1070 De
553 1036 665 1069 Obitu
684 1035 721 1069 S.
740 1034 890 1068 Davidis
1271 1033 1332 1066 lib.
1355 1042 1378 1066 1.

436 1106 440 1107 ⁷
479 1093 534 1128 De
552 1092 810 1127 observatione
829 1091 930 1125 Fidei
1272 1089 1334 1123 lib.
1355 1098 1380 1123 1.

478 1150 533 1184 De
550 1150 735 1184 Charitate
752 1153 880 1183 mutua
1270 1147 1333 1181 lib.
1353 1156 1378 1181 1.

478 1206 534 1242 De
552 1208 643 1241 Pace
661 1205 870 1240 Christiana
1270 1204 1333 1239 lib.
1353 1214 1378 1239 1.

477 1264 534 1299 De
552 1264 819 1309 Scripturarum
837 1262 1005 1296 Lectione
1271 1261 1334 1296 lib.
1354 1270 1379 1296 1.

478 1322 533 1356 De
551 1321 725 1356 Oratione
743 1320 913 1355 continua
1270 1319 1333 1353 lib.
1353 1328 1378 1353 1.

480 1379 536 1414 De
555 1378 814 1423 Hospitalitate
831 1377 965 1411 tuenda
1273 1376 1336 1410 lib.
1355 1385 1381 1410 1.

480 1437 650 1471 Manuale
669 1445 816 1470 suorum
835 1433 1121 1468 Ministeriorum
1274 1433 1337 1467 lib.
1357 1442 1382 1467 1.

481 1494 671 1528 Orationes
1270 1490 1332 1524 lib.
1352 1499 1378 1524 1.

478 1550 665 1595 Epistolae
1270 1547 1334 1582 lib.
1353 1557 1379 1582 1.

380 1608 482 1644 Obiit
499 1619 593 1642 anno
610 1607 737 1642 aetatis
755 1617 840 1641 suae
858 1613 1044 1640 chxxv.
1063 1605 1190 1639 salutis
1209 1615 1293 1639 vero
1311 1613 1409 1640 DLX.
1429 1607 1495 1646 vel,
1520 1612 1560 1641 ut
1582 1609 1641 1642 alii
1667 1620 1726 1643 vo-

331 1668 421 1707 lunt,
439 1665 608 1701 sexennio
625 1668 717 1710 post.
771 1662 889 1698 Locus
907 1663 1033 1697 mortis
1050 1661 1203 1696 Glascua
1218 1662 1300 1697 fuit.

800 1760 836 1795 S.
865 1759 1124 1794 KILIANUS.
1178 1762 1259 1798 754.

331 1839 368 1873 S.
405 1838 626 1877 K1L1ANUS,
662 1835 862 1875 chilianus,
896 1834 1099 1874 Quilianus‚
1138 1839 1202 1869 aut
1236 1834 1423 1870 Caelianus
1458 1842 1521 1871 aut
1552 1837 1722 1872 Cilianus.

331 1894 607 1930 Wandelbertus
623 1903 631 1928 :

632 1948 745 1977 Octavo
759 1952 827 1976 ante
840 1947 906 1976 idus
920 1946 1061 1980 Cilianus,
1077 1946 1295 1985 Procopiusque.

332 2012 353 2027 ‘⁶
371 2006 509 2047 Scotus,
527 2006 803 2050 monachusque,
821 2008 856 2038 et
873 2002 1050 2048 martyr,'’
1068 2003 1120 2037 ait
1138 2003 1283 2038 Possev.
1301 2004 1439 2049 Appar.
1466 2017 1546 2052 pag.
1573 2015 1719 2041 cccxx.

330 2064 563 2109 Amplissime
597 2063 699 2097 nobis
732 2062 830 2096 favet
863 2060 1066 2095 Eucharius
1100 2060 1265 2107 Sangius,
1299 2062 1544 2108 suffraganeus
1586 2064 1721 2098 Wirce-

332 2121 528 2167 burgensis,
547 2120 648 2155 Orat.
676 2120 719 2154 de
738 2119 988 2153 Translatione
1011 2117 1056 2151 B.
1084 2117 1282 2153 Macharii:
1309 2119 1418 2154 verba
1443 2120 1524 2155 vide
1548 2133 1656 2166 supra
1683 2122 1720 2155 in

330 2177 369 2213 S.
397 2175 602 2224 Bonifacio.
633 2176 816 2215 Arnualis‚
847 2175 1063 2215 Adamanni,
1097 2175 1249 2215 Coludii,
1280 2175 1460 2217 Adhelmi,
1489 2177 1719 2223 Wilfridique

330 2236 516 2270 institutor
533 2246 573 2269 ac
590 2235 770 2280 magister,
788 2238 829 2267 ut
846 2233 947 2266 docet
969 2232 1174 2278 sigebertus
1199 2232 1461 2268 Gemblacensis
1481 2234 1657 2270 Chronico
1675 2237 1719 2269 ad

330 2303 463 2327 annum
482 2300 648 2326 Dcxmv.
666 2290 801 2325 Anton.
821 2289 1031 2323 Demochar.
1056 2294 1141 2324 tom.
1162 2299 1205 2323 11.
1230 2290 1273 2324 de
1290 2289 1469 2325 Sacrificio
1487 2292 1620 2326 Missae
1643 2304 1717 2337 cap.

333 2358 463 2383 xxxv.
528 2348 647 2395 Aegre
678 2348 794 2382 ferens
823 2346 1003 2380 Romanos
1033 2346 1125 2380 ritus
1154 2347 1197 2381 de
1228 2346 1402 2382 Paschate
1430 2349 1648 2389 celebrando,
1683 2356 1717 2384 et

331 2412 478 2441 tonsura
507 2406 680 2446 clericali,
701 2416 723 2439 a
752 2404 866 2439 Scotis
897 2414 969 2438 non
998 2403 1118 2448 recipi,
1149 2404 1301 2449 patriam
1336 2404 1442 2451 fugit,
1478 2405 1717 2451 Franciaeque
