2060 2848
676 308 852 342 GENTIS
876 307 1154 346 SCOTORUM,
1179 308 1269 340 LIB.
1294 308 1357 340 IX.
1651 309 1714 339 383

324 417 414 449 quae
431 405 515 450 quia
532 404 689 438 nondum
709 404 795 443 vidi,
814 408 849 437 te
867 415 918 442 eo,
937 404 1057 442 lector,
1076 403 1230 436 remitto.

374 462 490 496 Natus
513 460 729 507 Edimburgi
755 462 813 495 die
839 470 927 495 xlx.
953 459 1068 499 Junii‚
1085 465 1166 504 post
1183 460 1307 494 horam
1328 469 1384 494 lx.
1409 460 1711 504 aequinoctialem,

323 529 416 553 anno
446 519 570 552 salutis
599 527 779 552 MDLXVI.
834 517 1004 564 Angliam
1039 517 1122 563 jure
1152 518 1368 552 hereditario
1402 517 1583 563 ingressus
1618 528 1711 551 anno

325 585 459 610 limen.
479 576 568 610 obiit
587 575 743 610 Londini
761 587 854 610 anno
874 583 1066 609 Mncxxv.
1086 575 1143 609 die
1161 584 1216 609 VI.
1234 574 1385 620 Aprilis.

862 691 885 724 J
888 688 1054 724 OSINA.
1091 692 1174 727 718.

322 807 344 839 J
348 816 480 847 OSINA‚
512 818 576 841 rex
604 807 791 841 Scotorum
822 817 953 846 nonus,
981 805 1113 840 Therei
1142 806 1265 846 frater,
1296 806 1489 840 Reutheris
1521 806 1616 851 regis
1646 805 1710 839 V1.

324 864 365 898 F.
380 866 502 911 justus
521 869 556 898 et
573 864 654 908 pius
673 865 850 909 princeps,
868 863 992 897 foedus
1017 875 1097 897 cum
1124 863 1235 897 Pictis
1262 868 1298 897 et
1323 863 1535 897 Britonibus
1561 862 1708 909 pepigit,

323 921 506 968 Berigonii
525 933 588 956 rex
605 923 853 967 inauguratuS‚
874 921 1004 955 ibidem
1022 921 1183 955 excessit.
1236 921 1386 965 Scripsit
1405 932 1499 960 vero,
1518 925 1560 954 ut
1576 921 1704 965 accepi,

468 979 523 1014 De
540 979 746 1013 Virtutibus
768 978 972 1012 Herbarum
1063 978 1124 1012 lib.
1145 987 1170 1012 1.
1223 978 1403 1012 Paschalis
1422 977 1546 1012 Gallus
1564 977 1712 1012 Villofa-

520 1036 639 1070 nensis
656 1036 694 1069 in
712 1036 935 1070 Bibliotheca
951 1035 1103 1076 Medica,
1123 1040 1159 1070 et
1176 1036 1236 1070 alii
1255 1036 1455 1069 meminere.

370 1095 507 1128 Claruit
534 1104 627 1127 anno
654 1094 780 1127 mundi
808 1101 1133 1126 111.MDCCCXXV1.
1160 1097 1243 1127 ante
1266 1097 1390 1126 natum
1410 1093 1556 1126 humani
1574 1095 1713 1138 generis

320 1157 529 1185 assertorem
547 1162 640 1185 anno
659 1159 852 1185 cxxxvn.
904 1150 1064 1184 Annales
1082 1161 1204 1183 omnes
1222 1154 1400 1184 nostrates
1418 1151 1605 1184 concordes
1619 1162 1713 1185 anno

320 1209 421 1254 regni
439 1209 494 1243 sui
514 1217 632 1242 xxiv.
651 1220 672 1242 a
696 1208 847 1242 fundato
873 1207 1060 1242 Scotorum
1086 1208 1125 1241 in
1151 1207 1306 1241 Albione
1331 1218 1442 1253 regno
1468 1218 1562 1241 anno
1585 1217 1710 1243 exon.

322 1266 434 1312 [diem
451 1266 580 1300 obiisse
597 1277 802 1311 supremum
820 1263 1002 1310 tradunt}
1055 1264 1220 1299 Finnano
1237 1263 1311 1299 filio
1330 1275 1480 1310 regnum
1499 1266 1655 1310 reliquit.

650 1379 945 1415 EUTYCHIUS
972 1378 1248 1414 IRLANDUS.
1301 1381 1385 1416 719.

320 1495 565 1530 EUTYCHIUS
583 1495 760 1536 IrIandus,
785 1495 938 1529 Joannis
966 1506 1010 1528 ex
1032 1494 1143 1528 fratre
1169 1505 1290 1539 nepos,
1314 1494 1352 1528 in
1370 1494 1576 1539 municipali
1595 1495 1712 1531 Picto-

320 1564 406 1587 num
424 1553 523 1587 curia
540 1558 692 1593 senator,
711 1552 853 1597 scripsit

469 1610 512 1645 In
530 1612 624 1656 leges
642 1610 722 1644 libr.
741 1611 882 1654 plures:
906 1610 1009 1656 cujus
1037 1608 1273 1643 eruditionem
1296 1611 1520 1644 commendat
1545 1610 1712 1646 Scaevola

518 1667 812 1702 Sammarthanus
836 1667 896 1700 lib.
926 1675 952 1700 1.
978 1666 1088 1713 Epig.
1114 1666 1177 1701 ubi
1200 1678 1283 1701 eum
1306 1672 1342 1701 et
1359 1666 1539 1702 Adamum
1563 1668 1711 1703 Blacvo-

517 1726 645 1760 daeum
663 1725 893 1759 Consiliarios
912 1724 1045 1770 Regios
1063 1729 1176 1759 vocat.

621 1828 770 1858 Irlandum
785 1829 884 1862 nostri,
901 1828 1176 1867 Blacvodaeumque,
1190 1836 1308 1859 senatus

659 1877 734 1905 Rara
749 1876 806 1904 duo
819 1882 905 1914 atque
919 1876 978 1904 suis
992 1875 1102 1904 lumina
1116 1875 1203 1914 digna
1216 1877 1294 1911 locis,

621 1922 711 1951 Hunc
726 1923 854 1957 Scotum,
870 1923 1009 1961 Scotoque
1023 1922 1106 1951 illum
1121 1922 1157 1951 de
1172 1929 1253 1962 patre
1266 1930 1404 1958 creatum,

660 1970 679 1999 J
682 1980 716 1998 us
730 1970 783 1998 sibi
799 1969 928 1998 dicentes
944 1969 1070 1998 Pictonis
1083 1979 1131 1998 ora
1144 1969 1221 1999 colit.

619 2017 706 2045 Unde
720 2017 763 2050 fit,
777 2017 829 2045 hoc
842 2017 990 2055 geminum
1004 2016 1057 2045 sub
1071 2016 1169 2045 eodem
1183 2022 1313 2056 tempore
1326 2019 1408 2048 nobis

658 2064 761 2092 Mittat
775 2069 809 2093 ut
823 2066 929 2092 Arctoo
943 2064 1045 2092 Scotus
1058 2063 1094 2092 ab
1107 2074 1161 2092 axe
1175 2064 1285 2093 decus?

621 2111 700 2139 Num
715 2110 791 2148 quod
805 2111 947 2139 barbaries
960 2111 1042 2140 nobis
1054 2111 1107 2139 hoc
1119 2111 1233 2140 horrida
1246 2112 1354 2141 bellum

663 2158 781 2191 luserat,
796 2163 826 2186 et
841 2157 935 2186 medio
944 2157 1060 2195 jactitet
1073 2168 1151 2186 arma
1164 2158 1246 2187 foro?

622 2204 684 2233 Has
698 2204 752 2232 sibi
768 2204 914 2243 suppetias
929 2215 945 2233 a
957 2210 1045 2243 gente
1059 2205 1177 2234 accersit
1191 2206 1291 2240 amica,

658 2252 703 2281 Ne
717 2252 770 2280 sibi
785 2261 849 2281 cum
864 2251 935 2281 defit
949 2252 1056 2286 Gallia,
1070 2252 1146 2282 victa
1159 2253 1251 2282 cadat.

366 2352 476 2391 Obiit,
495 2356 536 2386 ut
554 2356 652 2396 puto,
671 2361 765 2385 anno
784 2358 900 2385 MDCI.
