2060 2848
437 556 939 612 HISTORIAE
982 554 1733 612 ECCLESIASTICAE

722 656 1003 706 GENTIS
1042 655 1444 705 SCOTORUM

955 766 1140 827 LIBER
1170 787 1220 827 Χ.

794 932 830 967 S.
859 931 1243 967 KENTIGERNUS.
1297 935 1380 971 753.

389 1029 424 1062 S.
449 1028 758 1061 KENTIGERNUS
781 1026 925 1072 genitus
949 1024 1115 1071 Eugenio
1142 1024 1280 1060 Scotiae
1305 1038 1400 1073 rege,
1427 1030 1462 1060 et
1480 1025 1577 1060 Diva
1599 1026 1784 1067 Thamete,

390 1087 464 1120 sive
500 1084 633 1118 Tharni
668 1083 740 1117 filia
775 1083 885 1117 Lothi
920 1083 1105 1117 Pictorum
1135 1083 1241 1128 regis.
1295 1084 1447 1118 Frustra
1477 1088 1562 1118 sunt
1593 1083 1785 1124 Lelandus‚

388 1142 624 1189 CapgraviuS‚
644 1141 809 1181 Balaeus,
828 1140 1038 1180 Godwinus,
1053 1145 1088 1174 et
1102 1144 1178 1174 tota
1195 1141 1454 1176 haereticorum
1474 1146 1627 1182 caterva,
1646 1146 1784 1186 patrem

387 1203 417 1236 ei
445 1201 664 1234 Britannum
691 1199 869 1244 quendam
896 1198 1128 1244 affingentes;
1160 1197 1256 1232 Scoti
1287 1199 1382 1244 regis
1408 1198 1521 1233 filium
1547 1198 1658 1233 fuisse
1684 1200 1786 1234 docet

387 1258 569 1292 Arnoldus
587 1256 709 1291 Uvion
727 1257 787 1290 lib.
810 1265 870 1290 111.
890 1255 999 1301 Ligni
1017 1255 1124 1290 Vitae
1142 1267 1223 1302 pag.
1244 1265 1333 1290 XIX.
1351 1255 1375 1289 J
1377 1267 1508 1290 oannes
1527 1255 1697 1291 Leslaeus
1721 1257 1784 1291 lib.

388 1326 441 1350 1v.
462 1315 558 1349 Hist.
577 1326 659 1360 pag.
679 1323 837 1348 CXLV11.
856 1318 892 1348 et
909 1313 1074 1348 meminit
1088 1313 1333 1359 Chorograph.
1349 1313 1491 1348 Britan.
1506 1325 1587 1360 pag.
1604 1323 1784 1348 DXLvm.

386 1373 586 1418 Episcopus
605 1377 681 1406 erat
699 1371 883 1411 Glascuae,
902 1372 988 1404 dum
1005 1371 1044 1404 in
1062 1370 1217 1405 Scotiam
1232 1371 1411 1417 trajiceret
1425 1371 1461 1405 S.
1477 1371 1661 1406 Columba.
1679 1371 1783 1406 Hect.

385 1431 513 1465 Boeth.
532 1430 593 1464 lib.
615 1439 671 1463 IX.
692 1429 832 1463 Histor.
852 1428 943 1463 Scot.
969 1439 1051 1474 pag.
1071 1437 1229 1463 CLXVII.
1282 1428 1351 1462 Sed
1370 1429 1451 1463 sede
1467 1430 1604 1474 pulsus,
1628 1430 1667 1463 in
1684 1429 1785 1464 Wal-

385 1490 469 1523 liam
498 1499 535 1522 se
563 1487 726 1527 contulit,
754 1487 875 1532 ibique
905 1487 1087 1521 ecclesiam
1121 1486 1255 1521 struxit
1289 1487 1384 1521 inter
1417 1485 1546 1521 fluvios
1581 1486 1714 1532 Elwyd
1749 1492 1784 1521 et

384 1546 504 1591 Elwy‚
522 1546 617 1579 unde
636 1546 688 1578 issi
706 1545 743 1578 in
757 1544 928 1579 Annalib.
943 1543 1148 1590 Anglorum
1162 1550 1438 1590 cognomentum
1452 1543 1595 1579 Eluius.
1610 1544 1781 1579 Camden.

383 1605 466 1638 licet
483 1603 694 1642 haereticus,
713 1607 834 1637 tamen
855 1603 951 1636 hunc
975 1607 1010 1636 et
1034 1602 1168 1636 bonum
1192 1609 1228 1636 et
1253 1607 1416 1636 sanctum
1441 1603 1560 1637 virum
1578 1608 1691 1643 vocat,
1710 1604 1783 1648 epi-

385 1672 530 1706 scopum
546 1660 796 1694 Glascuensem
814 1659 886 1706 [p.]
904 1669 1069 1694 Dxmlx.
1085 1665 1120 1694 et
1133 1659 1322 1704 Asaphum
1334 1660 1412 1706 ejus
1424 1660 1650 1705 discipulum,
1662 1661 1781 1695 virum

384 1719 666 1764 integerrimum,
686 1718 788 1763 cujus
806 1719 1006 1752 sanctitatis
1024 1717 1120 1751 fama
1137 1717 1236 1751 brevi
1254 1717 1436 1763 ingentem
1451 1717 1579 1751 accivit
1591 1728 1781 1752 numerum

384 1776 631 1822 religiosorum
642 1775 841 1815 hominum,
852 1780 894 1810 ut
905 1775 1070 1810 monachi
1081 1779 1315 1809 numerentur
1327 1784 1450 1809 DCLX.
1467 1780 1642 1810 crescente
1655 1776 1693 1809 in
1707 1776 1781 1810 dies

384 1835 511 1867 merito
538 1833 719 1878 Maglonis
745 1833 839 1879 regis
866 1832 1118 1872 munificentia,
1149 1832 1225 1866 sive
1251 1832 1444 1878 Malgonis,
1471 1837 1534 1867 aut
1561 1833 1780 1879 Maglocuni.

384 1890 580 1925 Ecclesiola
597 1891 658 1924 illa
681 1891 719 1924 in
745 1891 987 1935 episcopatum
1012 1901 1115 1925 versa
1138 1894 1202 1929 est,
1227 1890 1288 1935 qui
1313 1890 1517 1936 Elguensis,
1541 1889 1721 1931 Eluensis,
1746 1896 1782 1925 et

383 1948 628 1983 Lanelwensis
646 1953 724 1982 tum
747 1948 874 1988 dictus,
901 1953 1024 1992 postea
1046 1960 1068 1982 a
1091 1947 1126 1982 S.
1151 1947 1312 1993 Asapho,
1338 1949 1415 1994 ejus
1439 1949 1613 1993 discipulo
1639 1960 1679 1982 ac
1705 1960 1783 1983 suc-

385 2018 530 2045 cessore,
549 2006 770 2050 Asaphensis
795 2010 952 2045 vocatus,
978 2016 1107 2039 nomen
1133 2010 1168 2040 et
1194 2006 1405 2052 dignitatem
1432 2006 1548 2046 hodie,
1574 2006 1656 2040 licet
1682 2006 1781 2041 tenui

384 2064 540 2103 fortuna,
570 2063 712 2097 retinet.
765 2063 861 2098 Illud
889 2063 1066 2098 haeretico
1092 2062 1225 2097 Balaeo
1250 2063 1502 2109 dignissimum
1529 2068 1780 2104 commentum,

384 2126 497 2156 matre
515 2121 654 2167 virgine
672 2126 795 2155 natum
817 2121 1091 2166 Kentigernum.
1144 2120 1373 2155 Incredibiles
1399 2132 1484 2155 sane
1507 2121 1584 2167 ejus
1611 2122 1780 2156 monasti-

385 2190 444 2213 cae
463 2179 557 2212 vitae
575 2189 660 2212 cura
678 2190 717 2212 ac
735 2179 965 2218 continentia,
984 2179 1072 2213 adeo
1089 2183 1131 2213 ut
1156 2179 1214 2213 vir
1239 2179 1465 2223 apostolicus,
1489 2190 1553 2213 nec
1579 2179 1693 2218 aliter,
1717 2190 1779 2213 no-

387 2237 606 2275 minaretur3
626 2247 708 2270 nam
727 2225 798 2271 non
817 2238 932 2271 solum
950 2236 1171 2276 Caledonios,
1191 2235 1377 2276 Horestos„
1394 2235 1559 2276 Athalos,
1574 2236 1779 2280 vicinasque

386 2294 523 2328 Scotiae
554 2294 699 2333 insulas,
730 2306 769 2328 ac
801 2294 1051 2329 occidentalem
1083 2293 1238 2340 Angliae
1268 2298 1416 2338 partem,
1444 2293 1622 2337 praesenti
1647 2293 1780 2337 pietate

386 2351 568 2390 instruxit,
596 2351 656 2384 sed
682 2356 717 2385 et
747 2352 937 2396 discipulos
966 2352 1065 2386 misit
1090 2353 1128 2386 in
1155 2351 1385 2397 Norvegiam,
1412 2350 1578 2391 Orcades,
1605 2355 1640 2385 et
1667 2350 1779 2384 Islan-

384 2409 492 2443 diam.
556 2407 644 2442 Post
672 2408 809 2453 aliquot
837 2420 948 2444 annos
983 2409 1027 2443 ab
1061 2410 1278 2454 episcopatu,
1310 2408 1471 2442 censibus
1503 2419 1543 2442 ac
1572 2408 1779 2443 immunita-
