2060 2848
363 280 427 312 668
749 279 983 314 HISTORIA
1007 279 1382 314 ECCLESIASTICA

367 375 595 410 excellentem
624 375 836 421 prudentiae
867 380 903 410 et
930 376 1077 411 virtutis
1106 377 1248 411 laudem
1279 377 1547 423 conjunxerat,''
1577 376 1629 412 ait
1658 376 1770 412 Joan-

365 444 428 468 nes
445 432 615 468 Leslaeus
632 433 693 468 lib.
713 442 786 467 VII.
810 434 850 468 in
873 433 1033 469 Roberto
1056 434 1106 469 11.
1158 434 1292 470 Orator
1316 435 1447 470 missus
1471 439 1524 470 est
1549 435 1588 470 in
1613 435 1767 470 Galliam

365 491 410 526 ab
448 502 490 526 eo
527 502 622 538 rege,
658 496 701 526 ut
736 503 818 526 cum
856 491 985 527 Carolo
1023 491 1160 538 Magno
1196 496 1232 526 et
1268 491 1409 527 Achaio
1444 493 1589 539 regibus
1628 497 1766 528 contra-

366 553 464 584 ctum
494 553 707 590 renovaret3
747 554 784 584 et
813 561 852 584 re
881 549 1033 586 feliciter
1061 549 1231 591 confecta,
1270 550 1379 585 rediit
1415 550 1456 584 in
1493 551 1659 595 patriam,
1702 562 1767 585 nec

366 607 430 642 diu
454 606 646 654 superfuit.
697 607 767 643 Vir
789 608 854 643 otii
876 608 1027 643 literarii
1048 619 1184 649 amans,
1202 619 1243 642 ac
1259 612 1405 653 pacatae
1423 608 1554 653 quietis
1572 609 1767 649 studiosus,

366 665 509 711 scripsit

513 723 570 758 De
588 723 746 757 Fallacia
761 723 1041 769 Astrologorum
1091 721 1153 756 lib.
1173 731 1200 756 1.

513 780 568 815 De
611 780 711 814 inani
754 780 1031 815 Divinationum
1073 780 1270 814 vetitarum
1312 779 1470 815 Scientia
1505 780 1567 816 lib.
1604 790 1630 815 1.
1670 783 1765 827 quod

551 840 653 883 *opus
688 837 828 885 Gaspar
862 838 1040 872 Peucerus
1070 842 1107 873 et
1135 836 1321 872 Antonius
1351 837 1476 873 Delrio
1506 839 1646 884 plenius
1682 843 1767 874 sunt

564 897 766 941 persecuti3
794 897 856 931 sed
872 897 943 937 ille,
963 900 1006 930 ut
1022 900 1123 940 puto,
1140 895 1376 940 proscriptus.

415 954 558 989 Floruit
571 965 665 989 anno
681 963 894 989 meccnxx.
946 953 1055 988 Vitae
1073 953 1320 988 Cardinalium
1338 964 1455 998 nuper
1472 955 1589 990 editae
1603 955 1768 996 Tolosae,

365 1014 500 1048 incerto
512 1017 667 1053 auctore,
679 1011 988 1047 Anticardinalem
1000 1015 1148 1046 vocant:
1162 1012 1267 1057 longe
1281 1011 1385 1045 aliter
1398 1011 1689 1048 Scotichronicon
1704 1014 1766 1048 lib.

366 1079 405 1105 x.
424 1082 500 1116 cap.
519 1079 574 1104 Vl.
593 1070 656 1115 qui
674 1081 755 1105 euru
774 1074 797 1089 “
814 1069 1042 1104 Cardinalem
1059 1074 1094 1104 et
1113 1068 1292 1115 Legatum
1311 1080 1332 1103 a
1352 1070 1463 1104 latere
1486 1076 1600 1112 vocat,
1624 1076 1698 1105 tam
1723 1073 1767 1106 ad

364 1139 516 1175 regnum
543 1127 682 1163 Scotiae
707 1139 817 1173 quam
844 1127 1040 1162 Hiberniae
1071 1138 1152 1162 cum
1186 1127 1292 1171 plena
1323 1131 1499 1171 potestate
1532 1128 1768 1173 spiritualiter

365 1186 610 1232 deputatum.”

704 1302 728 1336 J
730 1301 875 1336 OANN
877 1301 938 1336 Es
963 1300 1185 1336 WELSHE
1214 1300 1263 1336 H.
1317 1302 1426 1339 1195.

364 1417 388 1452 J
391 1425 558 1453 oANNEs
571 1417 729 1460 Welshe,
743 1417 923 1453 Sathanae
936 1417 975 1452 in
994 1416 1113 1452 Scotia
1130 1417 1307 1458 minister,
1326 1419 1496 1453 scelestus
1514 1419 1624 1454 etiam
1641 1421 1768 1465 perdu-

367 1476 454 1517 ellis,
473 1477 618 1522 scripsit

514 1533 651 1569 Contra
680 1534 882 1569 Gilbertum
914 1533 1104 1568 Brounum
1134 1532 1394 1578 Presbyterum
1456 1534 1519 1569 lib.
1552 1543 1579 1569 1.
1619 1533 1709 1570 Fuit
1737 1536 1768 1570 is

566 1591 663 1627 Novi
694 1592 864 1627 Coenobii
895 1591 1015 1632 abbas,
1051 1591 1095 1626 de
1124 1602 1197 1637 quo
1226 1591 1285 1626 adi
1315 1591 1362 1625 ad
1390 1591 1453 1627 lib.
1486 1601 1529 1627 11.
1561 1603 1670 1637 supra
1701 1593 1768 1628 hoc

565 1660 682 1694 opere.

415 1706 599 1742 Scribebat
616 1718 710 1743 anno
730 1716 831 1742 MDc.

730 1823 977 1874 ANDREAS
1002 1822 1236 1858 WILKIUS.
1289 1821 1398 1862 1196.

364 1940 569 1975 ANDREAs
586 1939 757 1980 Wilkius,
781 1940 839 1974 vir
862 1941 999 1980 doctus,
1021 1938 1160 1984 pridem
1184 1939 1326 1985 scripsit
1344 1944 1379 1975 et
1402 1939 1548 1985 Lipsiae
1571 1940 1768 1986 publicavit

365 1999 502 2042 multa3
531 2010 597 2045 ego
614 2002 757 2033 tantum
776 1998 851 2032 vidi

516 2055 666 2090 Homeri
685 2056 778 2090 caeci
797 2055 1028 2091 Curationem
1077 2055 1139 2090 lib.
1159 2064 1184 2089 1.

414 2113 555 2148 Clamit
573 2125 667 2148 anno
686 2122 834 2148 MDCVI.
888 2112 1063 2147 Biblioth.
1083 2113 1199 2149 Class.
1216 2125 1300 2161 pag.
1320 2122 1518 2149 Mchvn.

702 2227 747 2263 B.
774 2226 1067 2263 WALTERUS
1094 2229 1264 2265 PRIOR.
1318 2231 1428 2268 1197.

363 2344 408 2380 Β.
440 2343 692 2384 WALTERUS,
723 2343 823 2389 prior
853 2344 897 2379 de
927 2343 1045 2386 Calco,
1076 2344 1344 2386 Benedictinus,
1375 2345 1434 2380 vir
1461 2344 1594 2391 probus
1625 2331 1661 2380 et
1690 2345 1769 2379 lite·

363 2401 577 2444 ratissimuS,
629 2413 710 2437 cum
758 2400 992 2449 Angelramo,
1041 2403 1119 2438 sive
1168 2402 1403 2451 Ingeltramo,
1452 2402 1591 2438 Scotiae
1637 2404 1770 2438 cancel-
