2060 2848
420 292 486 327 494
805 289 1041 326 HISTORIA
1065 289 1440 326 ECCLESIASTICA

473 386 578 420 Vixit
595 396 688 420 anno
706 394 891 421 cccxxn,
917 386 974 420 vel
998 397 1091 420 anno
1110 394 1262 423 ceLvn.
1313 385 1338 422 J
1339 396 1471 423 oannes
1488 385 1658 424 Leslaeus
1676 386 1738 421 lib.
1758 395 1818 421 111.

421 454 502 489 pag.
522 452 654 478 cxxu.

903 540 1192 577 MOGALLUS.
1245 544 1329 580 939.

422 615 656 649 MOGALLUS
677 626 741 649 rex
765 624 890 649 xxm.
914 615 1019 651 Galdi
1045 616 1139 661 regis
1165 627 1210 651 ex
1235 626 1357 650 sorore
1377 627 1498 660 nepOS,
1525 617 1583 650 vel
1609 628 1653 650 ex
1679 617 1752 651 filia
1777 622 1817 651 ut

421 673 499 707 aliis
533 673 657 716 placet,
692 671 817 706 foedus
851 683 933 706 cum
963 671 1137 706 Romanis
1168 677 1204 706 et
1234 672 1347 706 Pictis
1377 674 1573 707 solenniter
1601 675 1751 720 pepigit,
1783 679 1818 709 et

421 734 544 764 sancte
561 730 765 769 custodivit,
784 730 901 763 cultus
919 729 1095 763 idolorum
1113 730 1308 774 promovit,
1335 729 1518 766 Romanos
1543 735 1652 775 rupto
1678 731 1818 768 foedere

420 788 608 826 irruentes,
626 791 807 830 protracta
824 786 863 820 in
881 787 1031 821 multam
1051 791 1190 821 noctem
1208 797 1343 831 pugna,
1361 787 1569 830 superavit:
1596 799 1668 832 qua
1682 788 1818 834 injuria

420 845 582 879 irritatus
601 843 809 879 Hadrianus
828 843 865 876 in
883 843 1037 878 insulam
1065 843 1217 888 trajecit,
1245 843 1308 878 sed
1335 842 1519 878 deficiente
1545 850 1756 885 commeatu,
1783 850 1819 880 et

419 903 457 936 in
487 901 596 935 silvas
627 899 806 935 dilabente
837 899 1008 946 Mogallo‚
1039 911 1078 934 re
1106 900 1238 937 infecta
1273 900 1373 941 abiit,
1408 905 1592 937 exstructo
1626 903 1721 938 vallo
1754 914 1819 948 per

419 967 587 992 LXXXM.
605 967 753 1002 passus3
775 958 836 991 sed
854 958 913 991 ille
931 969 1034 991 muro
1052 958 1239 1003 interjecto
1257 969 1414 998 securus,
1434 963 1552 993 amoto
1570 959 1817 997 Romanorum

417 1016 574 1051 hostium
597 1020 697 1049 metu
720 1016 758 1048 in
780 1014 968 1049 foeditates
994 1016 1193 1060 prolapsus,
1220 1020 1255 1050 et
1281 1027 1346 1050 sua
1372 1020 1409 1049 et
1434 1016 1614 1061 majorum
1640 1022 1720 1053 aeta
1743 1029 1818 1054 cor-

417 1074 526 1118 rupit.
580 1073 731 1117 Scripsit
758 1077 793 1106 et
819 1073 995 1118 vulgavit,
1022 1084 1113 1117 quae
1135 1084 1249 1117 usque
1272 1073 1378 1107 hodie
1405 1073 1579 1108 inviolata
1605 1075 1818 1109 observatur

418 1131 511 1175 apud
531 1135 721 1169 nostrates,
1246 1129 1248 1131 ’

565 1187 710 1233 Legem,
728 1192 770 1221 ut
788 1187 1040 1221 damnatorum
1058 1187 1151 1221 bona
1170 1187 1330 1232 Principi
1350 1188 1527 1222 cederent.
1580 1188 1755 1223 Boethius
1781 1195 1816 1223 et

614 1244 794 1280 Leslaeus.

462 1302 676 1338 Exstinctus
705 1306 759 1336 est
790 1302 1005 1346 optimatum
1030 1302 1293 1346 conspiratione
1324 1313 1419 1337 anno
1450 1303 1553 1348 regni
1581 1303 1637 1337 sui
1664 1311 1815 1338 XXXVI.

415 1362 520 1395 salut.
539 1368 682 1394 CLVIII.
709 1359 747 1393 in
765 1359 934 1393 cathedra
961 1359 1062 1394 Petri
1089 1360 1233 1396 sedente
1259 1359 1296 1394 S.
1324 1359 1391 1396 Pio
1420 1358 1450 1396 Ι.
1478 1360 1676 1405 imperante
1700 1359 1816 1396 Anto-

413 1420 499 1454 nino
517 1418 584 1453 Pio
601 1417 782 1464 Augusto.

917 1532 1169 1568 MICHAEL.
1221 1535 1304 1570 940.

413 1655 433 1669 ‘⁶
460 1650 662 1684 MICHAEL
690 1648 828 1689 Scotus,
859 1648 896 1681 in
927 1648 1104 1682 medicina
1131 1648 1226 1683 inter
1256 1647 1392 1692 primos
1425 1648 1599 1688 eruditus,
1630 1652 1738 1692 atque
1768 1649 1813 1682 ob

412 1708 629 1753 singularem
667 1706 846 1750 peritiam,
885 1716 958 1738 non
996 1705 1116 1739 minus
1151 1705 1325 1739 Eduardo
1369 1705 1447 1751 regi
1489 1704 1657 1751 Angliae,
1704 1716 1813 1749 quam

410 1764 618 1799 Alexandro
644 1763 730 1797 dum
757 1763 906 1803 viveret,
933 1762 1061 1796 charus
1087 1763 1354 1807 acceptusque‚”
1381 1763 1432 1797 ait
1459 1762 1564 1797 Hect.
1595 1762 1721 1797 Boeth.
1748 1763 1811 1798 lib.

412 1831 505 1856 xul.
528 1822 565 1855 in
592 1821 671 1855 fine.
726 1819 797 1854 Hic
823 1820 868 1854 ob
894 1820 1139 1854 admirabilem
1166 1820 1397 1865 physicarum
1423 1831 1545 1855 rerum
1571 1820 1812 1866 cognitionem

411 1881 520 1925 vulgo
554 1890 680 1925 magus
715 1878 911 1917 dicebatur,
946 1877 989 1910 de
1028 1888 1099 1921 quo
1134 1877 1410 1911 innumerabiles
1443 1878 1550 1911 etiam
1581 1888 1676 1911 nunc
1705 1877 1811 1912 hodie

409 1940 520 1973 aniles
554 1938 695 1971 fabulae
731 1935 1043 1976 circumferuntur,
1079 1947 1143 1971 nec
1178 1935 1292 1969 ullum
1327 1935 1424 1979 apud
1459 1939 1637 1969 nostrates
1680 1935 1810 1969 clarius

408 2006 560 2036 nomen3
590 1999 866 2040 cognomentum
899 1994 1007 2028 etiam
1039 1993 1135 2028 Scoti
1163 2003 1236 2026 non
1264 1996 1316 2026 est
1348 1992 1517 2032 familiae,
1547 1992 1609 2025 sed
1639 1992 1808 2026 nationis.

409 2053 551 2088 Laudat
586 2053 663 2098 ejus
698 2052 882 2098 ingenium
927 2056 963 2085 et
1002 2051 1187 2086 scientiam
1223 2049 1330 2084 Picus
1366 2049 1495 2084 Comes
1530 2048 1809 2092 Mirandulanus

409 2111 653 2155 Disputation.
673 2111 844 2145 adversus
862 2108 1046 2155 Astrolog.
1065 2108 1126 2142 lib.
1146 2116 1237 2142 v111.
1257 2118 1333 2151 cap.
1353 2116 1408 2142 VI.
1436 2111 1472 2141 et
1497 2106 1561 2141 lib.
1579 2115 1655 2141 ΧΠ.
1707 2106 1808 2142 Idem
1839 2108 1841 2110 ’

408 2180 528 2204 amare
554 2169 661 2203 nimis
687 2179 727 2202 ac
753 2169 862 2202 stulte
890 2172 910 2186 “
929 2167 1138 2211 scriptorem
1164 2166 1265 2199 illum
1293 2165 1427 2200 nullius
1453 2164 1631 2209 ponderis,
1658 2175 1808 2210 magnae

408 2226 704 2271 superstitionis‚”
731 2226 887 2269 appellat
913 2225 1088 2269 cap.'VI1.
1144 2223 1290 2263 Quanto
1317 2223 1436 2257 verius
1462 2226 1499 2256 et
1524 2221 1651 2256 melius
1678 2221 1807 2255 eximie

407 2285 577 2321 attollunt
608 2283 892 2328 Symphorianus
922 2282 1145 2327 Camperius,
1181 2280 1346 2326 Rogerus
1382 2279 1515 2314 Bacon.
1551 2279 1612 2313 lib.
1648 2279 1691 2313 de
1726 2277 1806 2313 Uti-

408 2342 508 2374 litate
527 2341 700 2387 Linguar.
753 2346 774 2360 ‘⁶
793 2340 961 2375 Eximius
980 2341 1048 2375 iste
1067 2339 1295 2384 physicorum
1314 2341 1478 2371 motuum
1496 2347 1692 2381 cursusque
1715 2336 1806 2370 side-

407 2409 487 2432 rum
499 2398 720 2444 indagator.''
772 2397 896 2442 Atque
909 2397 948 2431 hi
963 2397 1108 2441 quidem
1122 2401 1164 2430 ut
1178 2395 1472 2430 mathematicum
1486 2394 1543 2428 vel
1556 2394 1732 2429 medicum
1745 2404 1804 2427 ex-
