2060 2848
420 332 484 364 526
803 329 1039 364 HISTORIA
1064 330 1441 365 ECCLESIASTICA

418 427 538 461 bertus
560 431 665 461 antea
690 426 857 461 laudatus
883 427 978 473 regis
1002 426 1204 471 porcarium
1233 426 1408 467 nominat,
1434 426 1492 461 hic
1517 426 1674 462 Victoris
1700 428 1818 474 cujus-

415 485 498 518 dam
529 484 717 526 subulcum
746 482 843 525 facit,
873 484 1081 519 Matthaeus
1112 482 1508 519 westmonasteriensis
1534 485 1731 526 dominum,
1760 485 1817 520 cui

418 542 476 575 ille
493 541 701 586 probrosam
726 552 803 576 eam
828 542 1038 576 servitutem
1061 541 1200 581 obierit,
1226 540 1372 575 Scotum
1395 542 1573 587 quendam
1591 542 1731 577 Cuulcu
1756 554 1817 587 ap-

418 599 536 643 pellat,
563 598 768 633 Florentius
786 598 1049 645 Wigorniensis
1067 597 1182 632 Milvo
1204 597 1279 632 filio
1300 599 1439 642 nepotis
1463 598 1583 633 Buani
1607 599 1645 633 in
1667 599 1819 645 Aquilo-

419 656 497 690 nari
517 654 693 690 Hibernia
711 656 897 690 venditum
915 656 966 690 ait
983 656 1028 689 ad
1045 665 1179 689 annum
1197 655 1323 689 salutis
1342 663 1485 690 ccccx.
1539 655 1715 691 Conciliet
1731 657 1818 690 haec

417 713 479 758 qui
497 713 604 754 volet,
629 713 719 747 mihi
744 713 920 747 indicasse
945 724 1011 757 pro
1035 712 1202 746 instituto
1228 712 1316 746 satis
1343 712 1423 746 erit.
1474 712 1685 757 Suspectam
1708 714 1816 748 etiam

419 771 461 804 de
479 781 520 804 eo
537 771 744 804 relationem
762 769 848 804 facit
865 770 1052 804 nominum
1069 768 1246 809 varietas;
1266 768 1397 813 quibus
1414 769 1617 804 addendum
1635 780 1681 804 ex
1694 771 1817 804 eodem

417 825 805 866 westmonasteriensi,
819 827 977 871 primum
995 826 1027 859 ei
1040 835 1170 859 nomen
1186 824 1297 859 fuisse
1311 824 1505 860 Naunum:
1523 835 1595 871 quo
1611 827 1710 861 fonte
1727 828 1819 861 mul·

417 884 531 929 tiplex
547 884 634 918 haec
651 884 841 929 appellatio
859 882 1057 923 defluxerit,
1076 893 1143 928 ego
1159 893 1232 916 non
1250 892 1441 927 assequor3
1463 891 1548 917 nam
1563 887 1606 917 ut
1627 894 1754 918 verum
1771 884 1819 917 sit

416 953 456 976 eo
486 942 603 976 seculo
630 941 777 975 nomina
799 941 838 974 in
862 940 1129 975 confirmatione
1154 939 1381 974 consuevisse
1406 940 1553 980 mutari,
1579 944 1701 975 tamen
1722 941 1817 975 unde

416 1003 571 1044 quatuor
603 998 689 1033 haec
723 1002 786 1033 aut
815 998 974 1043 quinque
1004 997 1160 1037 nomina,
1191 1008 1282 1042 quae
1312 997 1345 1031 ei
1376 996 1553 1043 affingunt
1567 997 1584 1031 ἶ)
1636 997 1742 1032 Certe
1772 1009 1820 1033 an

417 1057 571 1101 episcopi
589 1060 652 1091 aut
678 1056 856 1091 antistites
883 1055 1039 1090 ordinati
1061 1065 1196 1089 novum
1223 1054 1367 1100 aliquod
1393 1066 1524 1089 nomen
1547 1064 1727 1090 assumere
1753 1066 1819 1100 pro

416 1125 514 1147 more
541 1113 743 1153 habuerint,
770 1113 910 1153 nescio;
942 1112 1033 1146 illud
1066 1112 1156 1146 mihi
1191 1117 1287 1147 certo
1320 1122 1544 1157 persuasum,
1575 1113 1671 1157 ipsos
1700 1114 1819 1157 ponti-

418 1171 497 1205 fices
521 1170 668 1205 nomina
691 1181 756 1205 sua
781 1181 854 1205 non
880 1174 1037 1204 mutasse
1063 1174 1146 1204 ante
1170 1168 1348 1216 Sergium,
1376 1170 1439 1215 qui
1468 1179 1628 1205 LXXXV.
1654 1171 1818 1215 pontifex

418 1239 556 1262 sacrum
574 1228 825 1274 magistratum
845 1227 926 1262 iniit
944 1238 1037 1262 anno
1055 1227 1181 1262 salutis
1200 1235 1454 1261 DCLXXXVII.
1477 1233 1520 1262 ut
1536 1232 1678 1272 praeter
1694 1228 1818 1263 Anna-

418 1286 505 1320 lium
523 1284 856 1319 Ecclesiasticorum
883 1285 1073 1329 scriptores
1091 1288 1193 1319 notat
1214 1283 1356 1319 Caelius
1380 1283 1611 1332 Rhodiginus
1636 1285 1697 1320 lib.
1718 1294 1818 1321 XXV.

416 1353 491 1388 cap.
511 1351 628 1376 XXVI.
1646 1385 1651 1388 Ι

465 1400 557 1434 Cum
575 1411 616 1434 eo
634 1399 827 1434 consecrati
841 1403 937 1440 sunt,
956 1404 991 1434 et
1004 1399 1118 1433 eidem
1132 1399 1372 1434 sacratissimo
1385 1399 1484 1443 operi
1499 1399 1643 1441 addicti,
1657 1399 1815 1436 Anfilius

416 1462 451 1492 et
469 1457 675 1498 Iservinus3
703 1457 746 1491 de
764 1457 894 1502 quibus
912 1457 1004 1491 nihil
1027 1457 1125 1491 aliud
1142 1456 1309 1502 comperi.
1362 1455 1445 1501 Ipse
1468 1457 1513 1491 iis
1530 1457 1657 1492 deinde
1674 1457 1713 1491 in
1730 1468 1818 1504 agro

417 1516 571 1560 quodam
590 1515 729 1549 deserto
746 1514 1000 1549 monasterium
1021 1514 1221 1548 aedificavit
1242 1513 1420 1548 canonicis
1447 1515 1684 1561 regularibus,
1712 1520 1754 1550 ut
1777 1516 1816 1550 in

416 1572 555 1607 Joanne
573 1572 700 1607 Trullo
718 1573 795 1607 loco
811 1572 956 1606 laudato
977 1573 1120 1618 legitur.
1148 1571 1184 1606 S.
1203 1571 1382 1605 Antonini
1408 1578 1502 1616 part.
1523 1581 1568 1606 11.
1592 1573 1649 1608 tit.
1670 1581 1710 1607 X.
1738 1584 1814 1619 cap.

417 1639 538 1665 XV111.
557 1639 646 1663 XXI.
699 1629 743 1663 In
760 1629 880 1663 Scotia
897 1629 964 1663 hoc
981 1640 1027 1663 an
1045 1629 1083 1663 in
1100 1627 1237 1675 Anglia
1253 1633 1488 1670 exstructum,
1506 1634 1711 1675 quaeratur.

466 1687 639 1733 Magnam
653 1686 762 1732 hujus
777 1686 1003 1721 sanctitatem
1016 1691 1190 1721 memorat
1204 1697 1404 1731 anonymus
1418 1691 1543 1722 auctor
1553 1687 1648 1722 vitae
1662 1686 1698 1722 S.
1713 1686 1816 1722 Win-

418 1744 541 1779 waloci
565 1745 660 1789 apud
683 1743 830 1778 Surium
854 1748 940 1778 tom.
969 1752 1012 1778 11.
1040 1744 1097 1778 die
1123 1744 1229 1778 tertio
1255 1743 1358 1777 Maii.
1412 1748 1434 1764 “
1455 1743 1527 1778 Per
1551 1744 1647 1778 idem
1672 1749 1815 1789 tempus

415 1802 546 1836 claruit
564 1800 599 1835 S.
618 1801 808 1841 Patricius,
833 1801 997 1836 ecclesiae
1014 1801 1150 1836 Christi
1168 1801 1339 1835 eximium
1357 1801 1475 1842 decus,
1493 1805 1530 1835 et
1546 1801 1659 1836 totius
1686 1801 1816 1837 Hiber-

417 1860 497 1894 niae
514 1859 738 1904 splendidum
756 1858 865 1899 sidus,
884 1859 985 1904 cujus
1003 1859 1154 1893 eximiae
1172 1858 1318 1893 virtutis
1339 1858 1461 1902 opinio
1487 1859 1574 1893 adeo
1599 1858 1636 1893 S.
1655 1858 1816 1895 Winwa·

418 1918 534 1951 locum
560 1915 734 1956 affecerat,
761 1920 803 1950 ut
828 1916 943 1950 modis
967 1915 1131 1951 omnibus
1157 1916 1202 1949 ad
1228 1927 1309 1950 eum
1334 1915 1508 1961 proficisci
1532 1921 1747 1961 peroptaret,
1775 1922 1817 1951 ut

418 1973 563 2008 vivendi
580 1984 741 2008 normam
759 1983 804 2008 ex
822 1973 899 2019 ejus
917 1973 1142 2008 sanctissima
1159 1973 1387 2008 institutione
1404 1978 1611 2018 capesseret.
1651 1973 1720 2008 Sed
1734 1985 1815 2009 cum

419 2032 457 2066 in
475 2042 517 2066 ea
533 2035 736 2066 versaretur
753 2031 969 2077 cogitatione
993 2042 1058 2076 per
1082 2031 1201 2065 visum
1225 2031 1257 2065 ei
1281 2031 1317 2066 S.
1345 2031 1524 2066 Patricius
1549 2042 1626 2066 sese
1652 2032 1816 2066 exhibuit

420 2090 525 2123 vultu
543 2088 711 2135 angelico,
731 2092 767 2122 et
780 2092 887 2133 caput
900 2099 1007 2123 aureo
1020 2089 1219 2124 diademate
1233 2093 1433 2130 coronatus,
1451 2089 1573 2134 aitque
1586 2089 1630 2130 ei,
1647 2093 1658 2109 ‘
1675 2089 1735 2124 En
1749 2100 1814 2136 ego

421 2157 499 2180 sum
518 2146 695 2180 Patricius
713 2157 819 2191 quem
837 2150 1021 2191 tantopere
1039 2146 1138 2190 cupis
1157 2147 1264 2187 adire,
1283 2147 1345 2181 sed
1362 2158 1407 2181 ne
1424 2157 1504 2180 mea
1520 2157 1627 2181 causa
1642 2151 1717 2182 tam
1740 2148 1814 2181 lon-

421 2214 507 2249 gum
525 2204 594 2238 iter
610 2207 706 2238 terra
722 2203 882 2249 marique
900 2203 1107 2248 susciperes,
1123 2204 1222 2238 misit
1235 2215 1292 2238 me
1305 2204 1494 2244 Dominus,
1508 2208 1548 2238 ut
1564 2205 1639 2239 voti
1652 2204 1706 2238 tui
1720 2214 1814 2238 com-

421 2272 486 2305 pos
503 2265 539 2294 et
556 2261 637 2295 visu
655 2265 690 2295 et
711 2262 865 2306 alloquio
890 2272 969 2296 meo
994 2261 1190 2306 perfruaris
1203 2261 1225 2301 3’
1247 2262 1374 2296 deinde
1396 2261 1525 2296 blando
1546 2272 1628 2295 eum
1651 2272 1813 2296 somnone

422 2318 644 2358 admonebat,
655 2323 697 2352 ut
707 2329 778 2353 non
790 2330 826 2353 se
838 2319 899 2353 sed
911 2318 1095 2353 Christum
1107 2319 1181 2353 suis
1197 2319 1329 2364 ubique
1342 2323 1562 2364 praesentem
1574 2319 1763 2359 accederet,
1778 2324 1813 2354 et

426 2385 506 2408 eum
518 2374 585 2408 sibi
599 2375 694 2409 vitae
704 2381 966 2420 praeceptorem
977 2376 1164 2421 deligeret3
1180 2376 1358 2420 praedixit
1371 2375 1479 2409 etiam
1490 2375 1542 2409 illi
1555 2375 1719 2410 futurum
1731 2387 1812 2410 eum

424 2431 502 2466 aliis
512 2431 661 2467 militiae
672 2433 868 2478 spiritualis
880 2431 1017 2473 ducem,
1029 2432 1232 2478 salubrique
1244 2444 1325 2468 eum
1339 2433 1485 2468 consilio
1498 2432 1688 2474 instruxit3
1707 2444 1813 2478 porro
