2060 2848
391 311 456 343 516
774 311 1006 345 HISTORIA
1029 311 1403 346 ECCLESIASTICA

660 403 752 438 Tolle,
765 404 816 437 ais,
830 403 898 433 hinc
911 403 1120 438 artem‚·lanam
1134 403 1205 432 mihi
1218 403 1317 439 redde,
1331 404 1402 444 quid
1414 409 1511 435 autem

693 451 751 480 Ars
764 456 826 485 tua,
840 451 960 480 materia
974 450 1134 484 deficiente,
1148 452 1264 488 potest?

657 498 701 527 At
714 498 784 526 mihi
799 498 925 526 furtivae
938 497 961 526 si
976 495 1078 527 reddas
1090 496 1197 526 vellera
1210 496 1301 531 lanae,

693 544 781 573 Nuda
794 549 890 573 tamen
905 545 1031 582 pretium
1045 553 1126 573 merx
1139 544 1214 572 feret
1227 543 1283 572 ista
1296 553 1389 573 suum.

654 590 720 619 Hae
733 601 782 620 vos
795 590 831 620 de
844 590 952 624 tabula,
967 591 1100 629 pictores,
1113 590 1177 627 lege
1190 589 1295 619 colores

694 637 811 671 Tollite,
827 637 974 666 Daedalea
986 643 1077 666 cesset
1090 636 1121 664 in
1135 641 1197 664 arte
1210 636 1297 664 labor.

657 683 747 713 Nulla
762 684 921 713 Tarentino
935 684 1053 712 livescat
1066 682 1132 711 lana
1146 691 1266 716 veneno,

695 730 757 759 Nec
770 730 893 759 rubeant
907 730 1004 768 Tyriis
1018 729 1124 757 vellera
1137 733 1216 756 cocta
1229 727 1308 756 focis.

657 777 781 805 Deserat
795 775 938 813 algentem
953 775 1057 804 dehinc
1071 784 1180 813 pauper
1194 774 1339 802 Mulciber
1353 774 1490 808 Aetnam,

692 822 842 851 Mendicet
857 823 1000 860 Steropes,
1015 821 1109 858 algeat
1123 820 1307 848 Acmonides-

655 869 813 898 Substrahe
827 869 986 901 materiam,
1001 867 1074 896 nihil
1088 872 1179 896 artem
1192 876 1274 905 posse
1288 866 1412 895 fatemur
1424 877 1434 901 ς

693 915 751 944 Sed
764 914 889 953 pretium
904 914 1024 953 gemmis
1036 914 1129 951 majus
1143 913 1178 941 ab
1192 918 1254 941 arte
1267 913 1356 942 venit.

653 962 696 990 At
709 971 773 990 mea
787 961 925 990 sedulitas
938 961 1032 990 fumos
1046 970 1102 989 non
1116 959 1226 997 colligit
1239 959 1308 988 istos
1319 971 1329 994 3

692 1007 724 1036 Si
738 1017 796 1036 non
810 1007 957 1046 culpabor‚
971 1013 1015 1036 sat
1028 1006 1100 1035 mihi
1114 1006 1208 1035 laudis
1222 1006 1286 1035 erit.

394 1090 453 1124 Ex
478 1089 608 1135 quibus
634 1088 748 1122 videri
770 1092 889 1133 posset
912 1092 1176 1132 praeceptorem
1202 1088 1240 1121 in
1266 1088 1403 1131 poetica
1429 1087 1638 1122 Buchanani
1662 1089 1782 1125 fuisse.

441 1146 602 1191 Scripsit,
621 1146 703 1180 licet
720 1157 786 1192 ego
803 1156 874 1179 non
892 1145 1055 1186 viderim,

538 1202 708 1237 Carmina
725 1203 826 1236 varia
1278 1202 1339 1236 lib.
1361 1211 1386 1236 1.

441 1260 610 1295 Florebat
626 1271 720 1294 anno
747 1268 962 1293 MDXXXIV.
981 1270 1052 1303 quo
1069 1259 1246 1305 legatione
1264 1260 1309 1292 ad
1329 1258 1525 1293 Henricum
1547 1259 1635 1294 IIX.
1661 1260 1784 1307 funge-

393 1319 510 1352 batur.
565 1317 777 1352 Holinshed.
796 1328 878 1362 pag.
898 1324 1084 1350 MDLXIII.

702 1429 918 1465 THOMAS
944 1428 1339 1465 OTTERBURNUS.
1392 1433 1475 1468 983.

394 1547 589 1581 ΤΗΟΜΑΜ
603 1545 876 1584 Otterburnum,
894 1543 1024 1588 prioris
1041 1544 1222 1589 gentilem,
1241 1544 1390 1579 Parisiis
1404 1545 1535 1591 insigni
1550 1546 1693 1581 nomine
1707 1558 1784 1581 ver-

394 1608 511 1638 satum
541 1603 669 1647 accepi.
728 1602 897 1636 Meminit
931 1600 1117 1635 Scotorum
1152 1601 1365 1645 scriptorum
1395 1602 1571 1636 indiculus
1602 1605 1781 1648 anonymi.

394 1660 486 1706 Ejus
504 1665 587 1695 sunt
601 1670 610 1694 τ

541 1717 597 1751 De
615 1715 738 1750 Laude
756 1715 899 1750 Patriae
1283 1715 1343 1749 lib.
1364 1724 1389 1749 Ι.

544 1774 712 1808 Chronici
730 1773 867 1808 Scotiae
884 1772 1052 1817 Epitome
1279 1772 1340 1806 lib.
1361 1781 1386 1806 1.
1399 1773 1538 1807 viderat
1548 1773 1667 1808 David
1678 1773 1783 1809 Chal-

591 1841 695 1871 mers,
716 1831 792 1865 sive
810 1830 1046 1869 Camerarius,
1064 1833 1106 1863 ut
1123 1829 1198 1874 ipse
1215 1829 1254 1863 in
1271 1828 1510 1875 chronologia
1528 1835 1691 1866 testatur.

446 1887 598 1923 Vivebat
615 1898 709 1922 anno
728 1895 930 1921 MDxxxn.

880 2001 914 2037 S.
944 2001 1162 2036 ONANUS.
1215 2003 1298 2040 984.

400 2117 435 2151 S.
456 2117 629 2151 ONANUS
647 2117 827 2157 diaconus,
845 2116 1003 2161 probatis
1025 2115 1195 2157 moribus,
1220 2120 1255 2150 et
1274 2116 1436 2151 doctrina
1452 2115 1595 2163 insigni,
1622 2117 1673 2151 ait
1692 2116 1783 2152 Hec-

399 2179 456 2208 tor
474 2174 602 2207 Boeth.
621 2174 681 2208 lib.
701 2183 759 2208 xl.
788 2173 925 2208 Histor.
948 2172 1042 2207 Scot.
1069 2183 1150 2219 pag.
1170 2181 1370 2207 ccxxxw.
1396 2172 1518 2208 floruit
1542 2173 1635 2208 felici
1661 2174 1723 2208 illo
1747 2179 1782 2208 et

399 2242 506 2265 aureo
537 2232 653 2265 seculo
689 2235 898 2265 coaetaneus
925 2230 1105 2269 Moveani,
1137 2229 1294 2270 Medani‚
1326 2230 1464 2270 Blaani,
1495 2229 1671 2276 Englatti,
1703 2230 1782 2265 Col.

399 2288 500 2328 moci,
521 2288 822 2322 sanctissimorum
851 2287 1106 2333 episcoporum,
1133 2286 1294 2334 Congani
1317 2287 1465 2327 abbatis,
1493 2286 1636 2333 Vigiani
1663 2299 1783 2322 mona-
