2060 2848
420 350 485 382 566
808 350 1041 384 HISTORIA
1063 350 1438 384 ECCLESIASTICA

723 445 824 482 Angor
838 444 910 472 edax
924 453 1027 482 pueros
1041 443 1178 482 fingendi,
1193 443 1286 472 tristis
1299 448 1421 481 egestas,

725 491 766 520 Et
779 491 879 530 populi
892 491 1031 530 ingratae,
1045 501 1104 520 sors
1117 501 1134 519 o
1146 500 1210 519 mea
1223 490 1295 519 dura
1307 491 1314 518 !
1338 490 1482 529 querelae,

724 539 885 567 Marcorem
898 538 1067 577 morbosque
1080 538 1161 571 mihi,
1176 537 1356 576 celeremque
1370 543 1525 570 senectam,

724 585 875 620 Fecerant,
889 590 919 615 et
934 585 1037 614 misero
1050 585 1215 614 clauserunt
1229 585 1331 614 funere
1344 584 1444 613 vitam.

470 673 572 708 Obiit
585 673 814 720 Edimburgi,
833 673 895 708 vix
908 674 1053 708 tandem
1067 672 1244 707 laboriosa
1256 673 1405 707 docendi
1418 672 1604 717 provincia
1617 672 1819 713 defunctus,

421 742 515 765 anno
544 740 787 766 MDLXXXVI.
840 731 974 765 Omnia
996 730 1110 774 ipsius
1136 741 1243 774 opera
1266 730 1372 764 audio
1395 728 1613 776 Edimburgi
1638 730 1743 765 MSS.
1767 742 1821 765 as-

421 789 568 830 servari,
589 789 794 833 propediem
812 788 948 822 edenda
965 787 1003 821 in
1020 798 1126 821 usum
1144 787 1370 821 literatorum
1393 791 1428 821 et
1451 786 1570 832 gentis
1587 792 1730 822 nostrae
1747 790 1821 834 glo·

420 846 523 880 riam.
563 845 725 885 Utinam,
741 846 882 880 utinam
898 845 905 878 3
944 843 1031 879 Vidi
1049 855 1116 890 ego
1132 844 1306 878 nonnulla
1324 844 1479 888 optimae
1496 843 1623 890 frugis,
1644 855 1708 879 nec
1725 846 1820 890 quic-

420 914 527 947 quam
546 904 704 948 antiquis
722 903 876 949 ingeniis
894 913 1047 936 cessura.

747 1016 1025 1052 ROBERTUS
1053 1017 1330 1052 ROLLOCUS.
1386 1019 1492 1055 1071.

420 1135 640 1168 ROBERTUS
659 1134 839 1174 Rollocus,
861 1133 1009 1168 Herculi
1034 1138 1070 1168 et
1095 1133 1277 1167 doctrinae
1301 1133 1430 1167 merito
1454 1138 1490 1167 et
1516 1133 1698 1180 religionis
1723 1135 1822 1179 puri-

419 1197 493 1226 tate
523 1193 628 1238 longe
656 1191 815 1231 inferior,
846 1191 979 1237 quippe
1010 1191 1152 1225 Calvini
1183 1194 1315 1225 sectam
1345 1195 1382 1225 et
1407 1201 1492 1225 voce
1523 1195 1559 1225 et
1590 1191 1731 1236 scriptis
1758 1192 1821 1226 diu

419 1249 610 1293 professus,
629 1249 772 1294 scripsit
788 1249 900 1289 varia,
918 1260 985 1295 ego
1005 1248 1158 1293 paucula
1176 1247 1274 1289 vidi3
1303 1252 1338 1282 et
1356 1248 1394 1282 in
1411 1247 1469 1282 his
1487 1253 1595 1282 sunt:

568 1306 740 1352 Analysis
758 1305 892 1352 Logica
910 1306 948 1340 in
966 1305 1168 1351 Epistolam
1186 1306 1231 1339 ad
1250 1305 1434 1340 Hebraeos
1476 1305 1537 1340 lib.
1558 1315 1583 1340 1.
1623 1305 1819 1341 Bibliothe-

618 1374 657 1398 ca
676 1363 832 1398 Classica
849 1374 931 1410 pag.
951 1372 1063 1398 CXLI.
1115 1362 1253 1398 Vereor
1269 1374 1314 1397 ne
1340 1363 1427 1409 quid
1454 1363 1499 1397 sit
1526 1364 1622 1409 quod
1644 1363 1819 1399 haeresim

613 1421 752 1466 sapiat3
779 1432 846 1467 ego
863 1425 957 1456 certe
974 1421 1159 1456 laudatum
1178 1420 1215 1455 id
1232 1421 1355 1455 nolim.

568 1479 760 1514 Tractatus
779 1479 823 1513 de
840 1478 1101 1513 Justificatione
1467 1479 1528 1514 lib.
1548 1490 1571 1513 1.

567 1538 610 1571 In
628 1536 829 1581 Epistolam
848 1537 893 1570 ad
911 1536 1137 1570 Colossenses
1465 1537 1526 1571 lib.
1547 1547 1572 1571 1.

567 1594 824 1628 Commentarii
841 1593 880 1627 in
894 1593 1097 1638 Epistolam
1115 1594 1160 1628 ad
1174 1593 1350 1639 Ephesios
1463 1595 1525 1629 lib.
1545 1606 1569 1628 1.

569 1651 612 1685 In
630 1651 833 1696 Epistolam
851 1651 895 1684 ad
914 1650 1060 1685 Galatas
1463 1652 1523 1686 lib.
1544 1662 1567 1686 1.

568 1709 610 1743 In
630 1708 831 1753 Epistolam
850 1708 895 1742 ad
913 1708 1258 1749 Thessalonicenses,
1277 1719 1357 1743 cum
1377 1709 1471 1744 notis
1491 1709 1694 1750 Piscatoris,
1709 1711 1769 1745 lib.
1792 1720 1816 1744 1.

619 1766 759 1800 Prodiit
779 1764 979 1800 Herbonae.

571 1826 614 1859 In
632 1825 836 1869 Epistolam
854 1824 899 1858 ad
919 1824 1163 1858 Philemonem
1464 1825 1524 1859 lib.
1546 1835 1569 1858 1.

572 1884 615 1917 In
634 1882 836 1928 Epistolam
854 1883 899 1916 ad
918 1882 1099 1917 Romanos
1467 1882 1527 1917 lib.
1548 1893 1571 1916 Ι.

571 1942 614 1976 Iu
632 1941 872 1987 Evangelium
890 1939 937 1974 D.
955 1939 979 1973 J
981 1940 1107 1974 oannis
1465 1940 1525 1975 lib.
1545 1951 1571 1975 1.

573 1999 771 2033 Harmonia
789 1998 827 2032 in
845 1998 1052 2032 Passionem
1071 2003 1106 2032 et
1124 1997 1323 2033 Victoriam
1341 1998 1568 2033 Dominicam
1620 1999 1679 2033 lib.
1700 2010 1724 2033 1.

570 2057 762 2090 Tractatus
780 2056 823 2090 de
841 2056 1036 2090 Vocatione
1054 2055 1182 2090 efficaci
1461 2057 1522 2090 lib.
1542 2067 1567 2090 1.

574 2114 616 2147 In
642 2113 795 2148 Selectos
822 2113 958 2158 aliquot
985 2113 1135 2147 Davidis
1161 2113 1322 2148 Psalmos
1349 2114 1409 2148 lib.
1429 2124 1454 2147 Ι.
1476 2114 1571 2159 quod
1589 2115 1757 2159 primum,
1776 2121 1816 2149 ut

619 2171 794 2211 existimo,
814 2171 926 2215 ipsius
945 2171 983 2204 in
1001 2169 1128 2204 Galliis
1146 2182 1235 2216 opus
1253 2172 1408 2216 prodiit:
1434 2172 1552 2206 nescio
1569 2183 1614 2206 an
1633 2171 1815 2207 Geneven-

621 2240 675 2263 ses
693 2239 800 2273 opera
818 2240 859 2263 ea
876 2229 1121 2272 corruperint3
1140 2229 1216 2273 ipse
1234 2240 1318 2264 sane
1336 2229 1555 2270 credebatur,
1568 2230 1654 2264 dum
1670 2230 1817 2269 viveret,

621 2298 693 2320 non
711 2287 818 2333 longe
836 2298 856 2321 a
874 2286 1058 2321 Catholica
1075 2286 1142 2320 fide
1161 2287 1307 2321 alienus.

475 2345 573 2378 Obiit
593 2355 685 2378 anno
704 2353 849 2379 Mnxm.
870 2344 1096 2392 Edimburgi,
1115 2349 1155 2379 ut
1173 2350 1273 2389 puto,
1291 2345 1351 2380 ubi
1371 2350 1486 2380 natus.
