2118 2854
701 305 877 338 GENTIS
901 302 1177 341 SCOTORUM,
1203 302 1292 334 LIB.
1317 301 1414 333 VIII.
1693 299 1753 330 361

516 401 560 435 In
578 400 790 440 Quintiliani
808 398 1102 437 Declamationes‚
1122 396 1398 431 Observationes
1415 395 1536 441 magni
1554 394 1700 441 ingenii,
1718 399 1753 428 et

562 458 679 497 utiles,
1302 453 1362 487 lib.
1385 461 1410 486 1.

414 516 548 550 Docere
581 515 712 559 incepit
741 525 834 548 anno
867 521 1038 547 MDan.
1100 511 1193 546 Acta
1222 510 1378 545 nationis
1410 509 1640 544 Germanicae
1669 520 1750 555 pag.

368 582 481 607 XCIX.

744 684 1042 719 GULIELMUS
1069 683 1237 718 HAIUS.
1291 682 1375 718 683.

367 801 615 835 GULIELMUS
635 800 762 840 Haius,
780 801 870 834 alter
886 811 908 833 a
924 799 1079 839 laudato,
1103 799 1141 832 in
1163 798 1289 832 Galliis
1314 798 1424 832 bonas
1442 801 1536 832 artes
1555 796 1689 836 didicit,
1708 801 1754 835 et,

366 864 406 893 ut
425 863 523 903 puto,
540 859 579 893 in
596 857 813 892 Aremoricis
830 857 961 891 docuit.
1015 855 1108 902 Ejus
1126 856 1164 888 in
1181 866 1308 889 manus
1327 866 1423 889 meas
1443 855 1552 895 venit,

515 915 570 949 De
594 916 768 960 longaeva
792 919 828 947 et
857 913 976 948 stabili
1007 912 1258 947 Permanentia
1294 911 1412 958 Regni
1450 911 1598 951 Scotiae,
1630 910 1756 944 Oratio

562 972 743 1011 historica,
1302 970 1362 1004 lib.
1383 979 1408 1003 Ι.

416 1030 516 1064 Obiit
533 1028 759 1074 Edimburgi,
777 1032 819 1061 ut
836 1028 955 1067 audio,
974 1038 1105 1073 magno
1124 1037 1272 1061 suorum
1289 1027 1474 1067 desiderio,
1493 1037 1587 1061 anno
1603 1034 1721 1060 MDxc
1729 1036 1753 1059 1.

367 1091 441 1121 erat
458 1087 562 1126 enim,
582 1090 622 1120 ut
639 1085 748 1119 nobili
766 1086 852 1124 loco,
871 1085 923 1118 ita
941 1084 986 1118 ad
1006 1084 1131 1119 Musas
1149 1088 1235 1118 nato
1254 1084 1411 1130 ingenio.

750 1256 1036 1291 EDMUNDUS
1065 1255 1234 1291 HAIUS.
1288 1255 1372 1291 684.

368 1373 610 1406 EDMUNDUS
630 1371 758 1411 Haius,
776 1372 887 1405 nobili
905 1372 981 1406 loco
999 1376 1110 1411 ortus,
1135 1370 1304 1406 Societati
1322 1371 1347 1404 J
1348 1382 1411 1405 esu
1434 1382 1563 1405 nomen
1589 1372 1697 1411 dedit,
1722 1373 1759 1405 in

369 1441 440 1474 qua
465 1430 610 1463 unicum
636 1429 703 1463 sibi
729 1433 900 1473 perpetuo
926 1439 1071 1473 scopum
1097 1429 1227 1473 posuit,
1254 1428 1390 1472 patriae
1416 1440 1501 1463 suae
1523 1429 1699 1473 prodesse,
1724 1434 1759 1463 et

372 1487 551 1521 ecclesiam
569 1497 777 1531 promovere
793 1496 802 1526 ;
829 1486 909 1520 ideo
927 1487 1058 1520 multas
1075 1486 1115 1519 in
1139 1484 1295 1519 Scotiam
1312 1486 1615 1532 peregrinationes
1633 1487 1757 1526 obivit,

371 1549 405 1578 et
424 1555 551 1588 parum
569 1543 684 1577 abfuit
701 1543 789 1587 quin
807 1542 998 1582 Genevam,
1017 1543 1127 1587 copiis
1145 1543 1298 1576 admotis
1311 1543 1556 1587 interceptam,
1571 1543 1757 1578 haereticis

370 1601 532 1645 eriperet.
585 1600 653 1634 Vir
671 1600 769 1634 omni
788 1600 864 1634 vita
881 1600 1079 1639 laudabilis,
1098 1604 1134 1633 et
1151 1600 1308 1633 sincerae
1325 1599 1417 1640 fidei,
1436 1600 1578 1644 scripsit

519 1656 735 1703 Theologica
753 1658 927 1702 quaedam
1039 1657 1099 1691 lib.
1120 1666 1145 1690 Ι.
1166 1667 1257 1701 quae
1275 1657 1357 1691 vide
1374 1657 1471 1701 apud
1488 1656 1757 1692 Ribadineiram

568 1714 729 1760 Catalog.
749 1714 826 1748 Soc.
846 1714 870 1747 J
872 1725 934 1748 esu
950 1725 1032 1761 pag.
1052 1723 1168 1748 XLIX.

421 1771 522 1806 Obiit
539 1772 578 1805 in
595 1770 850 1818 Allobrogibus
868 1783 962 1805 anno
980 1780 1161 1805 MDCVIII.

781 1885 805 1919 J
807 1885 951 1920 OANN
953 1885 1014 1920 ES
1041 1885 1209 1920 HAIUS.
1263 1885 1345 1921 684.

370 1999 393 2033 J
397 2007 562 2033 oANNEs
582 1999 709 2040 Haius,
730 2011 773 2034 ex
790 1999 928 2034 familia
944 1999 1129 2046 Dalgattia
1146 2001 1377 2041 nobilissima,
1402 2001 1559 2046 ejusdem
1578 2002 1755 2036 societatis

372 2057 497 2096 socius,
516 2068 683 2103 magnam
702 2057 740 2090 in
758 2057 855 2091 omni
872 2058 1077 2091 literaturae
1089 2068 1218 2102 genere
1234 2058 1370 2103 ingenii
1384 2058 1523 2092 laudem
1538 2063 1756 2098 consecutus,

371 2114 482 2147 edidit
500 2115 635 2154 multa3
663 2125 729 2159 ego
748 2114 822 2148 vidi
840 2119 981 2148 tantum

518 2170 734 2216 Theologica
763 2172 937 2216 quaedam
973 2170 1083 2216 (apud
1112 2171 1262 2205 eundem
1292 2171 1560 2207 Ribadineiram
1592 2172 1754 2219 Catalogi

568 2238 649 2273 pag.
669 2229 799 2274 cxxr.)
1303 2229 1364 2264 lib.
1385 2238 1410 2263 1.

515 2284 667 2318 Librum
698 2284 739 2318 P.
768 2284 895 2319 Diechi
923 2286 966 2319 de
995 2284 1126 2320 Torres
1156 2287 1200 2321 de
1230 2285 1351 2321 Rebus
1383 2286 1556 2322 Peruanis
1582 2287 1753 2322 Latinum

566 2340 650 2375 fecit
1304 2344 1364 2379 lib.
1384 2353 1410 2378 1.

516 2397 656 2433 Literas
684 2398 727 2432 de
754 2398 967 2443 Japonensis
995 2399 1141 2446 Imperii
1169 2401 1323 2436 mirabili
1350 2401 1553 2437 Mutatione
1577 2401 1753 2437 Latinita-
