2060 2848
710 286 885 319 GENTIS
910 285 1187 325 SCOTORUM,
1212 286 1301 318 LIB.
1323 285 1387 318 IX.
1683 285 1747 317 379

359 385 473 424 nobio,
497 388 531 417 et
553 382 731 416 miraculis
756 381 882 415 claruit
908 391 1001 414 anno
1029 388 1301 414 Menxxxvm.
1353 378 1571 413 Scotichron.
1598 378 1659 413 lib.
1686 387 1740 412 V1.

361 452 435 486 cap.
455 448 605 474 xxxm.

801 551 837 586 S.
866 550 1162 586 ISENGERUS.
1216 554 1298 589 710.

358 669 393 702 S.
421 669 666 708 ISENGERUS,
694 667 885 702 Verdensis
912 666 1095 710 episcopus
1121 675 1193 701 vn.
1220 678 1314 701 unus
1341 678 1385 701 ex
1412 677 1535 701 eorum
1560 665 1745 700 Scotorum

358 737 517 766 numero,
537 736 689 769 quorum
707 725 922 768 praeclaram
939 724 978 757 in
1004 724 1094 758 bello
1120 729 1156 758 et
1180 736 1265 769 pace
1290 724 1394 759 fidem
1420 728 1667 759 remuneratus
1693 728 1747 758 est

359 788 380 802 ‘⁶
398 783 546 817 Carolus
566 782 733 828 Magnus,
752 781 973 815 devictorum
991 780 1173 815 Saxonum
1190 782 1341 817 honores
1367 787 1403 817 et
1421 781 1614 828 dignitates
1631 781 1670 815 in
1688 792 1746 815 eos

359 838 607 879 conferendo,''
636 844 678 873 ut
705 843 853 872 narrant
879 838 1040 872 historici
1066 838 1240 880 Francici,
1270 845 1305 874 et
1334 851 1419 884 prae
1449 839 1528 873 aliis
1559 838 1747 883 Philippus

359 896 546 930 Belforest.
571 896 631 930 lib.
652 905 677 930 1.
706 895 887 929 Historiae
911 894 1068 929 Carolor.
1121 896 1192 930 Hic
1217 897 1405 931 laudabilis
1431 896 1604 941 praesulis
1630 901 1748 940 partes

359 954 481 994 obivit,
502 964 737 1000 magnamque
755 953 822 987 sibi
840 953 884 987 ab
902 953 1107 998 integritate
1130 964 1270 988 morum
1296 955 1437 988 laudem
1463 954 1605 987 meruit.
1656 952 1748 987 Vide

360 1011 497 1045 Albert.
525 1010 669 1045 Crantz.
688 1010 749 1044 lib.
769 1018 812 1043 11.
832 1010 1021 1054 Metropol.
1048 1021 1124 1055 cap.
1152 1019 1255 1044 xxx.
1282 1015 1317 1045 et
1344 1010 1489 1045 Suffrid.
1517 1010 1614 1044 Petr.
1642 1009 1702 1044 lib.
1723 1019 1748 1043 Ι.

360 1068 500 1114 Origin.
519 1067 649 1102 Saxon.
668 1078 743 1111 cap.
764 1075 833 1101 xv.
886 1066 1036 1111 Scripsit

505 1124 566 1159 Ad
583 1136 684 1159 suam
702 1124 899 1158 Ecclesiam
1244 1125 1305 1160 lib.
1325 1134 1350 1159 1.

408 1181 511 1217 Vixit
529 1193 622 1217 anno
641 1190 850 1216 Deccxxx.
894 1181 1106 1216 Sanctorum
1124 1181 1204 1216 albo
1223 1183 1416 1227 ascriptum
1434 1182 1545 1217 fuisse
1563 1183 1664 1217 docet
1681 1182 1750 1216 Ar-

359 1241 452 1274 nold.
472 1240 593 1275 Uvion
611 1240 673 1274 lib.
694 1248 736 1273 11.
755 1239 838 1284 Lig.
857 1238 965 1273 Vitae
983 1250 1058 1284 cap.
1079 1248 1143 1273 LV.
1171 1251 1215 1274 ex
1236 1239 1406 1274 Crantzio
1423 1239 1485 1274 lib.
1506 1249 1531 1274 1.
1559 1239 1748 1284 Metropol.

358 1308 434 1342 cap.
454 1307 574 1332 xxm.
593 1308 700 1342 quem
719 1297 821 1331 vide:
853 1305 941 1330 XXI.
961 1296 1087 1331 Martii
1105 1297 1243 1331 colitur.

851 1411 886 1445 S.
915 1409 1120 1445 INANUS.
1174 1413 1256 1448 711.

360 1528 395 1563 S.
415 1528 574 1562 INANUS
592 1526 771 1561 confessor
788 1525 1009 1560 sanctissime
1027 1525 1131 1566 vixit,
1152 1526 1399 1560 celeberrimus
1419 1526 1506 1573 legis
1525 1525 1751 1561 Christianae

359 1587 505 1621 doctor:
531 1590 612 1629 post
629 1584 933 1630 peregrinationes
952 1582 1152 1617 Romanam
1170 1587 1206 1617 et
1224 1582 1589 1629 Hierosolymitanam
1613 1584 1651 1618 in
1671 1584 1753 1619 Sco-

361 1644 410 1678 tia
427 1643 472 1676 ad
489 1641 670 1676 Urvinum
688 1641 916 1680 obdormivit,
935 1641 1036 1686 cujus
1054 1641 1121 1674 loci
1139 1644 1311 1685 patronus
1330 1645 1394 1682 est,
1422 1646 1458 1675 et
1481 1646 1563 1676 ante
1580 1641 1752 1676 furiosam

359 1700 617 1733 haereticorum
635 1698 861 1732 ecclesiarum
878 1697 1142 1732 demolitionem
1169 1698 1421 1732 miraculorum
1445 1699 1571 1745 gloria,
1595 1700 1751 1733 maximo

360 1757 409 1800 pii
429 1757 550 1800 populi
569 1766 753 1795 concursu,
771 1755 1077 1800 frequentabatur.
1130 1754 1280 1800 Scripsit

507 1814 685 1848 Locorum
704 1813 893 1846 Sacrorum
910 1811 1068 1846 Nomina
1252 1812 1313 1847 lib.
1334 1822 1359 1846 1.
1388 1812 1466 1847 MS.
1486 1813 1524 1846 in
1541 1812 1753 1847 bibliotheca

556 1870 809 1915 archiepiscopi
828 1869 952 1903 Pisani
970 1869 1155 1903 Bonciani.

511 1927 688 1961 Homilias
707 1938 750 1960 ex
768 1926 804 1960 S.
824 1926 1010 1970 Scriptura
1252 1926 1313 1960 lib.
1334 1935 1359 1959 1.

508 1983 691 2028 Epistolas
1246 1983 1314 2017 lib.
1334 1992 1359 2017 1.

412 2040 552 2075 Floruit
580 2051 673 2074 anno
704 2047 961 2074 Deccxxxlx.
993 2040 1059 2073 sub
1090 2040 1280 2074 Kennetho
1311 2040 1340 2074 Ι.
1375 2052 1468 2086 rege.
1526 2040 1666 2075 Colitur
1696 2041 1753 2074 die

364 2107 481 2131 XVIII.
500 2097 670 2144 Augusti.
717 2096 869 2131 Gilberti
888 2096 1003 2131 Bruni
1024 2096 1260 2132 Collectanea.

806 2211 850 2245 B.
879 2210 1182 2246 INGENOCUS.
1236 2214 1319 2249 712.

361 2327 405 2361 B.
436 2327 677 2361 INGENOCUS
707 2337 801 2361 uuus
831 2337 874 2360 ex
904 2325 940 2360 S.
969 2325 1111 2360 lVinoci
1139 2325 1234 2360 Scoti
1264 2326 1367 2360 sociis
1396 2327 1690 2373 peregrinationis
1721 2333 1756 2360 et

359 2385 553 2430 discipulis.
606 2383 820 2430 Anonymus
852 2384 889 2417 in
920 2383 1007 2418 Vita
1037 2384 1195 2429 ejusdem
1228 2385 1340 2418 sancti
1373 2385 1467 2429 apud
1498 2384 1644 2419 Surium
1671 2390 1755 2419 tom.
