2060 2848
709 300 884 334 GENTIS
908 299 1188 336 SCOTORUM,
1213 299 1303 331 LIB.
1329 299 1393 331 IX.
1685 299 1749 331 389

405 395 544 430 Auctor
561 394 636 434 fuit
649 394 775 428 Scotus
792 395 938 439 quidam
956 393 1081 427 incerti
1096 393 1262 433 nominis,
1278 403 1322 426 ex
1339 392 1384 426 iis
1401 391 1504 431 forte,
1523 393 1586 436 qui
1606 393 1747 426 calami-

357 458 466 487 tatem
495 452 660 498 Fergusii
686 451 735 486 II.
760 452 855 497 regis
880 451 1057 485 exulantis
1083 450 1121 483 in
1147 449 1290 483 Italiam
1317 449 1439 490 secuti,
1466 449 1584 483 sedem
1612 449 1746 483 Romae

356 509 520 544 fixerunt.
572 509 857 554 Antiquissimus
886 509 994 542 codex
1018 506 1096 541 MS.
1122 506 1361 551 pulcherrimo
1386 506 1598 546 charactere,
1623 506 1746 551 figuris

355 567 473 607 etiam,
492 567 719 611 miniatisque
737 566 860 606 literis,
878 564 1185 599 diversicoloribus
1204 563 1471 597 delineamentis
1491 563 1527 596 in
1542 564 1747 598 membrana

356 623 507 670 oblonga
525 623 809 662 venustissimus,
826 633 933 666 quem
950 622 1088 667 ingenti
1106 621 1221 665 pretio
1238 628 1398 665 emptum
1423 629 1486 654 CL.
1513 621 1570 654 vir
1594 621 1747 655 Pavillo-

354 691 434 720 nus,
465 686 608 715 senatus
639 680 851 714 Parisiensis
881 679 1085 718 advocatus,
1111 678 1278 723 possidet,
1305 689 1345 711 ac
1374 678 1463 711 mihi
1491 678 1747 713 humanissime

356 738 644 778 communicavit,
682 737 778 770 hunc
812 737 958 771 titulum
988 735 1167 780 praefert:
1201 739 1222 754 “
1248 735 1356 769 Liber
1390 734 1496 775 Scoti,
1530 736 1574 769 de
1608 734 1748 769 Notitia

356 795 542 839 utriusque
561 793 739 838 Imperii.'’
789 792 901 826 Aliud
919 794 1099 836 exemplar
1116 793 1153 826 in
1168 792 1360 826 Germania
1376 792 1420 826 B.
1440 792 1635 826 Rhenanus
1653 792 1748 826 vide-

356 857 413 886 rat
438 862 518 886 cum
545 851 665 885 eodem
693 850 808 889 titulo,
830 860 905 894 ‚quo
931 849 982 888 fit,
1008 853 1050 882 ut
1075 850 1134 884 ille
1159 860 1263 893 saepe
1288 849 1384 883 Scoti
1409 849 1552 883 nomine
1575 849 1642 883 hoc
1658 860 1747 894 opus

358 910 452 943 citet.
514 907 789 942 vetustissimus
817 907 925 940 etiam
952 906 1062 940 codex
1091 906 1251 951 Spirensi
1281 906 1493 940 bibliotheca
1519 910 1699 940 extractus
1727 919 1748 940 a

358 966 465 1000 Petro
482 965 635 1005 Donato,
662 964 804 998 Patavii
830 964 1000 1003 antistite,
1027 974 1108 997 cum
1134 962 1325 996 Basiliensi
1350 963 1486 1007 synodo
1511 963 1654 997 nomine
1672 962 1748 997 Eu-

357 1023 454 1069 genii
472 1021 537 1056 IV.
562 1021 789 1066 praesideret,
815 1020 1133 1066 Cosmographiam
1159 1020 1255 1054 Scoti
1281 1020 1459 1064 appellat;
1486 1020 1592 1065 idque
1617 1021 1746 1064 ipsum,

357 1085 420 1117 aut
437 1079 563 1118 simile,
582 1083 644 1113 aut
669 1078 861 1117 diversum,
888 1077 984 1121 apud
1009 1077 1205 1121 Maphaeos
1230 1076 1365 1111 Romae
1388 1078 1568 1121 exemplar
1590 1076 1746 1111 Joannes

359 1137 497 1171 Pierius
514 1134 726 1170 Valerianus
744 1146 781 1168 se
804 1135 937 1168 vidisse
960 1138 1113 1168 testatur
1138 1145 1231 1168 anno
1258 1142 1497 1167 MCDXXXVI.
1524 1145 1568 1168 ex
1594 1145 1665 1178 quo
1690 1135 1747 1168 de-

357 1194 528 1238 scriptum
545 1192 663 1226 fuerat
680 1192 860 1236 exemplar
877 1191 999 1225 Fulvii
1017 1191 1154 1232 Ursini,
1179 1191 1276 1236 quod
1301 1190 1467 1224 beneficio
1491 1190 1515 1224 J
1517 1192 1640 1225 oannis
1659 1190 1746 1225 Vin-

356 1250 463 1286 centii
493 1250 623 1283 Pineui
648 1249 787 1283 viderat
811 1248 950 1282 Guidus
977 1248 1197 1289 Pancirolus,
1226 1253 1267 1282 ut
1293 1249 1367 1292 ipse
1394 1248 1432 1281 in
1457 1248 1676 1292 praefatione
1702 1250 1747 1282 ad

358 1311 545 1342 comment.
560 1318 642 1341 suos
656 1306 855 1351 profitetur.
898 1305 1138 1351 Wolfgangus
1152 1305 1285 1339 Lazius
1298 1306 1358 1340 lib.
1376 1314 1411 1339 V.
1427 1304 1625 1339 Comment.
1642 1306 1744 1350 Reip.

328 1353 331 1357 ¹
358 1376 432 1409 cap.
453 1374 489 1398 V.
509 1369 530 1384 “
548 1364 724 1409 Legiones
743 1362 903 1396 Solenses
921 1363 1011 1396 duae
1029 1374 1050 1396 a
1067 1362 1172 1396 Scoto
1189 1363 1448 1397 recensentur.”
1581 1407 1585 1410 ι

410 1421 509 1456 Idem
528 1422 587 1455 ille
605 1420 813 1454 Pancirolus
838 1431 879 1454 eo
904 1420 995 1453 loci:
1032 1424 1053 1439 “
1071 1419 1212 1453 Notitia
1233 1430 1312 1453 cum
1336 1421 1450 1454 multo
1474 1424 1632 1464 tempore
1657 1421 1747 1454 latu-

329 1493 339 1503 ·
360 1481 455 1519 isset,
469 1479 624 1518 tandem,
638 1489 729 1522 quae
743 1488 764 1510 a
778 1476 943 1510 Mariano
958 1476 1074 1516 Scoto,
1088 1476 1261 1510 monacho
1274 1476 1456 1517 Fuldensi,
1470 1477 1602 1521 scripta
1619 1476 1746 1516 fuerat,

358 1538 396 1570 in
413 1535 551 1570 ultimis
569 1534 769 1568 Britanniis
787 1533 890 1567 annis
909 1533 1037 1567 abhinc
1055 1541 1204 1567 XXXVI.
1219 1533 1377 1573 inventa,
1395 1534 1433 1567 in
1450 1535 1564 1568 lucem
1582 1534 1747 1578 prodiit.'’

358 1593 488 1627 Variae
508 1592 585 1637 ejus
603 1591 786 1631 editiones,
806 1591 867 1624 sed
884 1590 1213 1634 optimaindustria
1231 1590 1390 1635 ejusdem
1407 1596 1606 1635 procurata.

407 1649 550 1694 Scripta
565 1652 684 1683 autem
702 1647 838 1682 Romae
856 1647 995 1681 Notitia
1013 1648 1104 1681 circa
1121 1658 1254 1681 annum
1273 1648 1378 1681 salut.
1398 1656 1549 1681 cDxLV.
1576 1648 1611 1682 in
1630 1647 1747 1682 Scotia

359 1709 504 1742 inventa
521 1717 613 1740 anno
632 1712 815 1739 MDLXXI.
833 1705 928 1739 edita
945 1705 1100 1749 primum
1120 1704 1164 1738 ab
1181 1702 1328 1737 Andrea
1346 1704 1496 1738 Alciato.

752 1818 1010 1853 INCERTUS
1036 1819 1219 1854 POETA.
1271 1818 1353 1856 726.

361 1935 568 1969 INCERTUS
586 1935 730 1980 quidam
749 1934 875 1968 Scotus
896 1935 1170 1980 augustissimae
1198 1934 1333 1968 Mariae
1359 1934 1535 1974 Stuartae,
1559 1934 1745 1969 Scotorum

361 1992 530 2038 Reginae,
557 2002 663 2026 versu
688 1991 950 2037 elegantissimo
980 1991 1199 2036 Martyrium
1229 1992 1333 2032 luxit,
1365 1992 1456 2026 alius
1485 1992 1530 2026 ab
1555 1993 1615 2026 illo
1641 2003 1746 2036 quem

361 2049 458 2094 epico
476 2049 630 2083 carmine
647 2048 740 2082 inter
756 2047 967 2092 Anonymos
989 2059 1098 2092 supra
1118 2049 1287 2089 laudavi;
1312 2060 1396 2082 nam
1418 2049 1486 2089 hic,
1510 2050 1576 2083 etsi
1603 2050 1641 2083 in
1667 2061 1746 2083 ean-

361 2107 440 2139 dem
458 2105 707 2139 Elizabetham
724 2104 962 2150 Anglicanam
979 2105 1180 2145 invehatur,
1208 2110 1328 2140 tamen
1354 2106 1445 2140 alius
1471 2111 1535 2146 est,
1562 2111 1597 2140 et
1616 2107 1745 2140 minori

361 2163 491 2206 spiritu
521 2162 688 2208 assurgit,
717 2166 753 2196 et
783 2173 891 2196 versu
920 2162 1073 2208 elegiaco
1100 2162 1252 2207 scripsit.
1310 2162 1410 2197 Inter
1437 2163 1516 2204 alia,
1546 2163 1631 2198 haec
1657 2164 1745 2197 mihi

361 2230 456 2254 nunc
473 2223 705 2254 succurrunt:
899 2211 902 2214 ’

623 2304 744 2333 Femina
758 2303 882 2332 feminea
898 2304 1020 2333 debebat
1034 2310 1109 2334 sorte
1124 2305 1240 2338 moveri,

661 2351 754 2379 Sexus
768 2356 798 2380 et
812 2351 842 2378 in
857 2361 957 2379 sexum
971 2351 1068 2380 mitior
1080 2362 1141 2381 esse
1155 2362 1249 2381 suum.

626 2397 712 2426 Mitia
725 2397 776 2427 sed
790 2397 875 2427 duras
889 2408 946 2427 non
960 2403 1084 2437 tangunt
1098 2399 1165 2437 jura
1179 2399 1343 2433 Britsmnas,

1048 2457 1063 2482 1
