2060 2848
354 317 417 346 4&
740 314 971 348 HISTORIA
995 313 1372 347 ECCLESIASTICA

356 411 393 444 in
411 421 496 454 pace
513 409 700 444 continuit.
744 409 859 445 Extat
877 409 1030 445 officium
1045 419 1101 444 IX.
1116 410 1320 449 lectionum,
1335 420 1375 443 ac
1388 409 1561 453 templum
1576 408 1665 449 Deo,
1684 409 1753 442 sub

356 469 433 513 ejus
452 467 686 508 invocatione,
706 471 863 501 erectum
881 467 920 501 in
946 467 1081 501 ditione
1107 466 1323 507 Glascoensi,
1349 471 1391 501 ut
1416 467 1455 500 in
1474 466 1638 502 Historia
1665 467 1754 500 Mis-

356 526 510 560 cellanea
530 525 676 559 Brunus
694 524 801 559 abbas
819 525 925 559 habet
943 536 1025 570 pag.
1041 533 1220 559 XXCV111.
1264 524 1405 569 Scripta
1417 535 1489 558 non
1503 524 1618 569 reperi
1634 529 1756 558 extare

358 583 441 616 ulla.
495 582 662 617 Florebat
680 593 773 616 anno
793 591 836 615 M.
891 582 1031 617 Colitur
1049 591 1135 616 xlv.
1154 581 1330 617 Novemb.

817 696 852 731 S.
881 695 1159 731 KIERANUS.
1213 697 1297 733 774.

360 812 398 845 S.
414 812 644 851 K1ERANUS,
659 811 844 856 episcopus
858 811 1115 850 sanctissimus,
1129 814 1171 844 ut
1189 810 1385 854 plurimum
1400 810 1535 844 insulas
1549 808 1688 844 Scotiae
1703 822 1756 844 oc-

358 870 479 903 ciduas
497 869 682 908 incolebat,
701 880 741 902 ac
757 868 903 902 tandem
920 869 1028 914 longo
1045 867 1226 901 virtutum
1242 877 1350 900 cursu
1369 871 1512 911 peracto
1530 868 1757 912 martyrium,

360 936 379 958 a
398 924 595 958 latronibus
608 925 811 970 jugulatus,
829 925 1114 965 consummavit;
1141 935 1204 958 nec
1222 925 1326 968 plura
1351 924 1428 970 ejus
1451 929 1531 959 acta
1554 930 1757 969 supersunt,

361 983 412 1016 ita
429 987 465 1016 et
482 982 615 1026 scripta
633 982 814 1016 interiere.

411 1039 553 1073 Floruit
564 1051 657 1073 anno
672 1048 825 1073 DCLXV.
861 1039 1000 1074 Colitur
1014 1048 1051 1073 V.
1067 1040 1205 1074 Martii.
1239 1040 1467 1074 Breviarium
1481 1031 1757 1074 Dumblanense.

362 1096 407 1131 In
430 1097 575 1142 regione
594 1096 760 1142 Kyntyre
784 1097 956 1131 memoria
981 1098 1058 1142 ejus
1086 1097 1255 1138 celebris;
1282 1097 1332 1131 ibi
1359 1098 1454 1131 enim
1480 1098 1577 1131 lacus
1603 1098 1759 1131 incolatu

363 1156 440 1200 ejus
458 1166 498 1188 ac
515 1154 696 1188 miraculis
713 1153 950 1199 frequentata,
963 1156 1072 1201 vulgo
1086 1153 1367 1196 Lochlcillceran,
1382 1155 1418 1189 id
1437 1160 1501 1195 est,
1520 1154 1636 1190 Lacus
1655 1156 1760 1189 cellae

364 1213 509 1247 Kerani.
562 1212 711 1246 Gilbert.
732 1212 845 1246 Brun.
866 1212 1007 1262 Histor.
1025 1224 1106 1259 pag.
1126 1221 1273 1247 xxelx.

841 1328 877 1362 s,
905 1327 1144 1362 KINEDUS.
1198 1310 1280 1365 775.

366 1443 400 1476 S.
429 1443 633 1484 KlNsssz,
661 1444 808 1479 eremita
838 1455 882 1477 ex
912 1443 1040 1478 abbate
1071 1444 1198 1486 factus,
1232 1445 1437 1479 coelestium
1463 1455 1582 1478 rerum
1610 1449 1762 1479 contem-

365 1502 520 1545 platione
539 1502 698 1535 animum
724 1505 892 1546 pasturus
917 1502 954 1535 in
980 1501 1153 1548 Angliam
1180 1502 1334 1542 secessit,
1361 1502 1481 1547 ibique
1506 1502 1600 1536 inter
1625 1501 1763 1537 Wallos

366 1559 520 1593 mirabili
551 1559 772 1593 continentia
802 1559 864 1593 diu
895 1571 931 1593 se
966 1560 1154 1594 continuit.
1208 1559 1253 1593 In
1284 1559 1385 1593 divos
1415 1560 1568 1593 relatum
1603 1560 1764 1604 loquitur

369 1616 570 1650 Camdeuus
588 1628 670 1662 pag.
691 1625 822 1650 CXVII.
872 1616 1049 1650 Miracula
1075 1616 1132 1651 Jo.
1152 1616 1376 1663 Capgravius
1402 1617 1537 1662 colligit
1563 1627 1603 1650 ac
1628 1617 1763 1656 recitat,

370 1685 413 1707 ex
430 1685 502 1718 quo
519 1674 632 1708 discas
650 1685 731 1708 eum
749 1685 879 1720 genere
899 1673 1056 1714 Scotum,
1083 1674 1239 1708 incolatu
1267 1673 1441 1720 Anglum,
1467 1678 1656 1719 utramque
1681 1686 1765 1720 gen-

370 1736 442 1764 tem
461 1732 727 1765 conversatione
745 1736 949 1765 sanctorum
967 1742 1116 1776 operum
1134 1731 1350 1766 nobilitasse.
1396 1731 1492 1765 Hinc
1510 1731 1642 1765 habent
1668 1732 1765 1765 illus-

371 1789 520 1822 trissimi
538 1788 708 1823 Cassiliae
726 1789 882 1829 comites,
902 1800 973 1833 quo
997 1789 1217 1834 glorientur3
1241 1800 1323 1822 nam
1348 1800 1428 1823 cum
1453 1789 1613 1833 ipsorum
1637 1799 1766 1823 nomen

374 1846 531 1880 Kenedie
549 1847 607 1886 sit,
625 1847 720 1880 hunc
737 1846 906 1892 gentilem
925 1857 1029 1880 suum
1043 1846 1126 1891 jure
1144 1851 1370 1886 venerentur,
1388 1850 1424 1880 et
1441 1846 1479 1880 in
1503 1847 1608 1880 terris
1626 1847 1765 1892 generis

374 1904 427 1936 sui
446 1904 713 1948 stemmatisque
731 1904 981 1948 antiquitatem
1010 1904 1217 1948 suspiciant,
1244 1904 1281 1938 in
1308 1905 1403 1939 coelo
1428 1904 1643 1948 praesidium
1667 1904 1766 1938 invo-

373 1966 461 1995 cent.
516 1961 665 2006 Scripsit

522 2018 583 2052 Ad
600 2019 736 2054 lVallos
1262 2019 1322 2054 lib.
1344 2029 1370 2053 1.

525 2076 649 2111 Preces
668 2078 744 2121 pias
1265 2078 1325 2112 lib.
1347 2087 1372 2111 1.

430 2134 529 2168 Vixit
543 2134 721 2169 confessor
732 2146 824 2169 anno
834 2144 1033 2170 DCXXCIV.
1056 2134 1196 2170 Colitur
1203 2144 1310 2170 XXII.
1323 2135 1347 2168 J
1349 2146 1472 2170 anuar.
1485 2136 1605 2170 eodem
1614 2140 1767 2170 auctore.

797 2250 833 2284 S.
861 2249 1210 2285 KUNEGUNDIS.
1264 2253 1310 2288 77
1312 2250 1345 2284 6.

382 2366 417 2397 S.
446 2363 738 2405 KUNEGUNms,
767 2365 870 2412 virgo
896 2366 1077 2401 Ursulana
1103 2372 1139 2401 et
1165 2371 1314 2412 martyr,
1346 2365 1534 2411 requiescit
1563 2366 1601 2399 in
1631 2366 1771 2400 territo·

382 2422 435 2455 rio
466 2420 766 2464 constantinensi,
798 2423 965 2467 parochia
995 2425 1038 2458 de
1067 2424 1225 2465 Hischel,
1256 2425 1368 2459 relata
1398 2424 1435 2457 in
1468 2423 1568 2459 divos
1601 2434 1694 2458 anno
1726 2432 1769 2456 M.
