2060 2848
400 309 465 339 582
784 309 1017 343 HISTORIA
1041 310 1415 344 ECCLESIASTICA

603 402 864 445 Primicerium,
881 403 1059 439 Joannem
1075 404 1286 445 Diaconum,
1305 410 1339 439 et
1359 406 1457 446 alios,
1565 406 1625 441 lib.
1647 416 1671 440 1.

552 460 668 506 Super
685 460 938 496 Controversia
955 462 998 495 de
1016 461 1201 497 Paschatis
1219 462 1465 498 Celebratione
1568 464 1628 498 lib.
1648 473 1673 498 1.

453 518 556 553 Vixit
568 530 663 554 anno
677 527 848 553 DCLXVI.
892 518 1032 553 Colitur
1045 519 1102 553 die
1116 528 1154 553 X.
1171 520 1308 560 Martii,
1324 521 1625 568 Martyrologium
1639 520 1796 555 Cal-thu-

403 576 555 617 sianum,
575 577 632 610 vel
649 577 706 611 die
724 584 831 610 xllx.
851 576 954 616 Maii,
972 575 1101 611 Petrus
1120 577 1297 611 Canisius.

726 691 763 725 s,
789 688 1121 730 SIGEBER'rth,
1148 689 1229 724 AB.
1257 690 1304 724 A.
1347 675 1468 726 ¹1042.

399 806 435 839 S.
454 806 716 839 SIGEBERTUS
734 805 902 839 successit
919 805 957 838 in
975 804 1149 849 regimine
1166 804 1303 838 Fuldae
1321 804 1357 838 S.
1377 804 1569 850 Egeberto,
1588 812 1623 840 et
1637 818 1717 841 cum
1733 809 1794 842 ali-

399 868 487 908 quot
504 863 607 897 annis
626 863 775 897 sedisset
792 862 911 902 abbas,
931 866 953 882 “
971 861 1105 895 virtute
1123 865 1159 895 et
1176 861 1308 906 pietate
1326 867 1380 896 est
1406 868 1627 904 consecutus,
1651 870 1692 898 ut
1715 864 1794 898 Mo-

398 921 572 966 guntinus
590 920 875 964 archiepiscopus
894 919 1055 954 omnium
1078 919 1339 964 conspiratione
1364 919 1633 960 declararetur‚”
1659 922 1710 955 ait
1732 921 1794 955 Jo-

398 989 507 1012 annes
525 977 694 1012 Leslaeus
712 977 773 1011 lib.
793 985 830 1011 V.
850 977 889 1011 in
906 977 1125 1011 Machabaeo
1142 987 1236 1022 rege.
1288 976 1362 1010 Adi
1380 977 1425 1010 ad
1442 976 1689 1022 Antiquitates
1708 978 1738 1011 F
1741 980 1795 1012 ul-

400 1037 535 1075 denses,
550 1045 638 1079 quas
657 1034 768 1068 edidit
786 1034 1065 1078 Christophorus
1084 1033 1287 1075 Browerus,
1308 1040 1343 1068 et
1367 1035 1580 1069 doctissimis
1600 1036 1687 1070 viris
1713 1035 1794 1082 [no-

398 1094 443 1127 tis
455 1091 493 1138 .³]
514 1092 720 1127 illustravit.
769 1091 831 1126 An
849 1092 984 1136 aliquid
1003 1091 1195 1135 scripserit,
1213 1102 1286 1126 non
1304 1092 1532 1136 deprehendi.

443 1150 585 1184 Floruit
603 1160 696 1183 anno
715 1157 851 1183 MLVII.

668 1239 944 1297 ROBERTUS
970 1260 1280 1297 SLIPPINGEN
1308 1262 1360 1296 M.
1415 1234 1522 1297 1043.

394 1379 615 1413 Ronssnws
645 1377 857 1424 Slippingen
883 1377 1091 1418 Carmelita,
1118 1377 1156 1411 in
1182 1378 1398 1412 monasterio
1426 1377 1607 1413 Perthano
1632 1379 1791 1419 indutus,

395 1436 596 1471 sorbonicis
615 1436 718 1470 sociis
737 1436 925 1480 ascriptus,
947 1435 1058 1469 edidit

541 1492 866 1528 Determinationes
885 1493 1120 1538 Theologicas
1334 1492 1394 1527 lib.
1416 1502 1440 1526 1.

443 1550 583 1585 Floruit
601 1561 694 1585 anno
714 1559 893 1585 Mccccx.

690 1663 965 1699 ROBERTUS
991 1662 1258 1699 STUARTUS
1284 1664 1336 1698 M.
1392 1667 1498 1699 1044.

393 1779 614 1813 ROBERTUS
646 1778 825 1819 Stuartus,
854 1780 952 1825 regio
977 1779 1163 1813 Scotorum
1188 1779 1373 1825 sanguine,
1400 1790 1439 1812 ac
1464 1778 1588 1813 Jacobi
1617 1779 1662 1814 V.
1691 1782 1785 1827 regis

392 1841 575 1882 cognatus,
593 1836 640 1870 D.
661 1836 842 1871 Francisci
860 1837 1023 1871 habitum
1047 1836 1176 1876 induit,
1201 1840 1235 1870 et
1259 1837 1350 1870 mira
1374 1837 1469 1870 vitae
1494 1838 1726 1872 sanctimonia
1750 1844 1784 1873 et

390 1893 595 1938 integritate
613 1894 716 1928 vixit.
769 1893 920 1938 Scripsit

535 1950 717 1986 Vaticinia
744 1952 788 1986 de
823 1951 945 1986 Rebus
981 1950 1127 1985 Scoticis
1171 1951 1230 1986 lib.
1264 1960 1288 1985 1.
1325 1962 1416 1996 quae
1446 1951 1644 1986 etiamnum
1677 1952 1783 1987 hodie

586 2009 898 2049 circumferuntur,
916 2009 1047 2053 quibus
1071 2009 1252 2055 religionis
1277 2019 1409 2049 casum,
1434 2009 1489 2043 uti
1507 2009 1647 2049 accidit,
1674 2014 1709 2043 et
1728 2021 1780 2043 re-

584 2066 690 2112 ginae
707 2070 859 2101 mortem
876 2066 1064 2111 praedixit.

434 2121 589 2158 Vivebat
606 2135 701 2158 anno
720 2132 857 2158 MDLn.
911 2123 1038 2158 Franc.
1058 2124 1228 2170 Gonzaga
1246 2128 1337 2168 part.
1359 2132 1418 2159 111.
1439 2123 1579 2169 Origin.
1599 2122 1778 2168 Seraphic.

384 2190 464 2225 pag.
486 2189 739 2216 Decexnvm.
