2060 2848
416 333 479 363 584
674 352 678 356 -
751 329 755 333 ⁴
801 333 1035 366 HISTORIA
1059 332 1434 367 ECCLESIASTICA

902 484 1167 520 PELAGIUS.
1222 487 1329 519 1012.

417 599 660 640 PELAGIUM‚
675 600 862 635 damnatae
880 601 1070 635 memoriae
1083 600 1312 641 haereticum,
1331 599 1559 641 Britannum,
1575 601 1641 635 hoc
1659 606 1723 641 est,
1738 600 1815 634 An-

417 658 529 703 glum‚
548 657 686 692 faciunt
703 669 837 692 omnes.
881 657 926 692 D.
947 657 1191 702 Hieronymus
1212 657 1274 691 lib.
1300 667 1324 691 1.
1353 662 1389 692 et
1415 666 1476 691 111.
1503 657 1743 693 Commentar.
1772 658 1816 692 ad

420 714 640 749 Hieremiam
664 714 810 750 Scotum
833 716 935 758 vu1t;
968 714 1249 759 christophorus
1274 714 1467 749 Browerus
1493 716 1587 750 notis
1614 716 1659 750 ad
1686 716 1817 750 Fortu-

418 777 492 806 nat.
510 772 665 806 Venant.
684 772 746 806 lib.
768 781 827 805 111.
847 772 1019 818 epigram.
1038 780 1128 805 VI11.
1147 772 1250 805 illum
1264 772 1437 816 sequitur,
1456 773 1555 818 genti
1573 784 1657 807 sane
1675 778 1817 807 nostrae

418 829 598 875 injurius;
626 840 697 874 quo
715 829 755 863 fit
772 833 812 863 ut
839 829 935 863 viros
959 828 1159 868 sanctitate,
1186 829 1396 869 eruditione,
1424 835 1460 864 et
1486 840 1606 864 rerum
1632 836 1815 876 gestarum

417 887 532 932 gloria
544 898 629 931 prae
643 887 789 920 caeteris
803 886 960 920 illustres
978 885 1080 920 nobis
1095 885 1271 926 auferant,
1286 887 1474 921 sceleratos
1488 887 1656 932 omnique
1669 887 1818 922 infamia

419 944 665 988 coinquinatos
684 943 879 978 liberaliter
896 944 1041 978 donent.

467 1001 555 1036 Fuit
572 1001 630 1035 hic
648 1005 731 1036 ortu
747 1000 903 1047 Anglus,
920 1000 1139 1046 professione
1156 1001 1362 1042 monachus,
1380 1006 1423 1036 ut
1441 1006 1496 1037 est
1513 1002 1552 1036 in
1565 1002 1708 1037 Decreti
1723 1007 1816 1046 part.

419 1068 462 1094 11.
482 1059 578 1104 apud
595 1059 810 1094 Gratianum
824 1069 930 1093 causa
944 1068 1061 1092 XXIV.
1077 1064 1213 1103 quaest.
1230 1068 1291 1093 111.
1311 1071 1388 1104 cap.
1404 1060 1613 1105 penultimo.
1644 1065 1665 1080 “
1680 1059 1820 1094 Eodem

420 1118 476 1151 die
501 1128 572 1162 quo
598 1117 657 1151 ille
683 1117 721 1150 in
746 1116 883 1163 Anglia
908 1120 1014 1150 natus
1041 1117 1204 1151 tenebras
1231 1128 1392 1151 errorum
1422 1118 1490 1151 toti
1520 1118 1655 1152 mundo
1681 1117 1817 1157 effudit,

419 1186 600 1208 summum
630 1174 793 1208 ecclesiae
829 1174 950 1207 lumen
977 1173 1207 1220 Augustinus
1245 1175 1283 1208 in
1313 1173 1440 1208 Africa
1470 1176 1616 1210 emicuit
1629 1176 1660 1216 ;'’
1696 1180 1820 1209 auctor

420 1231 569 1265 XVasfila
580 1237 643 1272 est,
650 1231 915 1266 vetustissimus
924 1231 1094 1266 historiae
1109 1232 1362 1266 ecclesiasticae
1373 1232 1536 1276 scriptor.
1565 1232 1704 1267 Sectam
1717 1243 1819 1266 suam

422 1290 530 1334 impie
548 1289 778 1323 disseminare
796 1288 911 1332 coepit
930 1299 1023 1322 anno
1042 1297 1199 1323 CCCCIV.
1227 1289 1372 1323 sedente
1389 1289 1428 1322 in
1446 1289 1547 1323 Petri
1567 1290 1734 1324 cathedra
1760 1289 1819 1322 In-

420 1347 583 1381 nocentio
602 1346 631 1380 I.
651 1347 753 1392 cujus
771 1345 986 1380 sanctissimi
1004 1346 1158 1390 pastoris
1176 1357 1295 1390 opera,
1316 1346 1452 1380 indicto
1469 1346 1725 1393 Carthaginem
1740 1357 1820 1381 con-

421 1404 500 1438 cilio
518 1412 687 1438 CCXXIv.
706 1404 963 1448 episcoporum,
981 1414 1045 1447 per
1061 1403 1271 1437 universum
1292 1403 1414 1438 orbem
1438 1403 1609 1438 damnata
1626 1408 1679 1438 est
1697 1415 1739 1438 ea
1755 1405 1822 1438 im-

419 1463 533 1507 pietas
551 1473 645 1496 anno
663 1470 784 1495 CCXV.
803 1461 865 1495 sed
882 1461 1004 1495 eadem
1021 1472 1085 1505 per
1102 1459 1310 1507 Agricolam
1329 1461 1467 1508 Pelagii
1485 1462 1701 1506 discipulum
1719 1473 1821 1496 reno-

420 1525 505 1555 vata
521 1524 574 1554 est
592 1531 685 1554 anno
704 1527 919 1553 CCCCXLVI.
938 1523 981 1553 ut
998 1529 1042 1553 ex
1064 1519 1268 1553 narratione
1294 1519 1407 1564 liquet
1433 1519 1611 1554 Matthaei
1638 1519 1818 1554 WVestmo-

420 1578 660 1612 nasteriensis.
711 1577 848 1612 Verum
875 1576 972 1610 illam
999 1576 1169 1610 acerrime
1194 1577 1232 1610 in
1258 1575 1394 1622 Anglia
1420 1577 1681 1623 impugnarunt
1698 1577 1820 1612 Sancti

422 1635 621 1670 Germanus
639 1634 963 1674 Altissiodorensis,
991 1633 1118 1679 Lupus
1142 1633 1386 1674 Trecassinus,
1414 1635 1615 1676 antistites;
1643 1635 1682 1669 in
1700 1635 1819 1669 Scotia

422 1692 457 1727 S.
478 1693 670 1733 Palladius,
689 1692 806 1738 gentis
824 1692 921 1725 illius
943 1693 1148 1736 apostolus3
1176 1696 1210 1726 et
1229 1691 1361 1736 scripto
1379 1692 1597 1726 damnarunt
1615 1704 1687 1727 non
1714 1694 1820 1727 modo

424 1750 612 1785 concilium
635 1750 940 1796 Carthaginiense,
965 1753 1007 1784 ut
1032 1749 1202 1790 dicebam,
1227 1754 1263 1783 et
1286 1749 1552 1790 Milevitanum,
1579 1751 1640 1784 sed
1658 1754 1694 1784 et
1712 1749 1820 1784 Inno-

424 1809 559 1842 centius
577 1819 670 1853 papa
687 1808 827 1842 decreto
844 1807 951 1847 edito,
968 1807 1064 1852 quod
1082 1807 1268 1851 ampliavit
1286 1807 1363 1852 ejus
1382 1818 1562 1842 successor
1584 1807 1760 1848 Zosimus,
1785 1814 1821 1842 et

423 1866 599 1912 Magister
623 1865 888 1900 Sententiarum
911 1865 972 1899 lib.
999 1873 1042 1898 11.
1070 1865 1227 1898 distinct.
1247 1873 1399 1898 XXV111.
1427 1869 1462 1898 et
1489 1864 1696 1899 Gennadius
1723 1866 1821 1900 Mas-

424 1924 576 1958 siliensis
595 1924 695 1958 libris
713 1932 769 1957 Vl.
788 1927 823 1957 et
841 1922 1069 1957 Constantini
1088 1922 1287 1967 presbyteri
1306 1926 1405 1956 extat
1423 1922 1590 1956 volumen
1609 1923 1653 1956 ad
1679 1922 1822 1957 Patien-

424 1988 494 2016 tem
514 1982 793 2028 Lugdunensem
811 1992 918 2025 super
936 1981 1032 2015 illius
1051 1985 1164 2015 sectae
1182 1980 1371 2024 pravitate,
1397 1984 1432 2014 et
1450 1979 1486 2013 S.
1505 1979 1711 2024 Scripturae
1728 1982 1822 2027 glos-

427 2044 523 2073 sator
540 2039 585 2072 ad
603 2043 710 2083 caput
724 2047 844 2072 xxxx.
859 2037 1064 2072 Ecclesiast.
1084 2042 1119 2071 et
1136 2038 1196 2071 alii
1210 2048 1219 2078 ;
1240 2044 1281 2072 ut
1293 2038 1376 2083 jure
1394 2038 1489 2072 dicat
1502 2037 1548 2072 D.
1565 2037 1819 2083 Hieronymus,

426 2102 445 2116 ‘⁶
465 2097 631 2143 Pelagius
650 2097 758 2131 seculi
775 2096 905 2142 gladio,
924 2101 959 2130 et
976 2097 1087 2130 totius
1106 2095 1200 2129 orbis
1218 2095 1431 2129 auctoritate
1449 2096 1638 2129 damnatus
1657 2095 1749 2130 est.''

473 2154 669 2200 Adjutores
687 2154 814 2188 habuit
832 2154 1074 2189 Coelestinum
1092 2158 1127 2188 et
1152 2152 1176 2186 J
1178 2153 1351 2193 ulianum,
1378 2158 1419 2187 ut
1446 2158 1587 2198 praeter
1605 2153 1692 2187 alios
1711 2153 1817 2187 habet

426 2212 555 2245 diserte
581 2211 670 2246 Tiro
697 2211 852 2256 Prosper
877 2212 915 2245 in
941 2211 1118 2245 Chronico
1144 2211 1181 2244 in
1207 2210 1359 2244 Luciani
1377 2211 1575 2245 consulatu.
1627 2209 1744 2244 Error
1767 2216 1821 2244 est

426 2270 463 2302 in
481 2280 639 2310 numero,
657 2274 698 2303 ut
716 2274 815 2314 puto,
833 2270 871 2303 in
885 2269 1062 2304 Chronico
1076 2268 1310 2314 Rheginonis,
1324 2269 1387 2313 qui
1403 2273 1520 2302 ortum
1536 2268 1644 2313 hujus
1658 2268 1768 2312 pestis
1782 2268 1820 2301 in

427 2337 558 2360 annum
574 2335 687 2360 CCCL.
701 2327 836 2366 retulit,
852 2328 930 2361 aliis
944 2327 982 2360 in
996 2338 1129 2360 annum
1146 2334 1320 2360 ccccvn.
1340 2325 1593 2372 rejicientibus,
1608 2325 1690 2370 jure
1706 2325 1742 2358 in
1761 2336 1820 2359 an-

427 2394 513 2417 num
528 2392 602 2417 XII.
621 2382 778 2424 Arcadii,
798 2385 892 2428 quod
905 2384 1039 2428 placuit
1054 2383 1262 2417 Hermanno
1277 2383 1469 2417 Contracto
1484 2383 1521 2415 in
1536 2382 1723 2416 Chronico.
1741 2382 1820 2416 Ma-

427 2441 548 2475 rianus
563 2451 634 2475 non
646 2441 744 2481 bene,
759 2446 800 2476 ut
814 2442 950 2486 opinor,
964 2442 1025 2475 lib.
1042 2450 1085 2475 11.
1100 2446 1214 2477 aetate
1229 2450 1283 2476 VI.
1299 2452 1392 2476 anno
1409 2450 1586 2475 eceexn.
1601 2445 1715 2475 ortam
1731 2442 1820 2480 vult,
