2060 2848
374 286 438 317 626
759 287 993 322 HISTORIA
1017 288 1391 323 ECCLESIASTICA

378 382 500 416 vinare
525 382 643 423 velim,
666 393 731 417 nec
758 388 831 418 tam
856 384 1039 428 praeclara
1062 384 1200 429 patriae
1225 390 1459 421 monumenta
1483 386 1618 422 indicta
1643 388 1773 423 tacitus

377 440 582 484 praeterire.
644 439 697 475 Ut
727 441 771 476 de
800 446 902 486 patre
936 442 1123 484 omnia-in
1152 443 1286 478 incerto
1316 448 1352 478 et
1381 444 1530 486 lubrico,
1560 445 1611 480 ita
1642 457 1705 480 nec
1730 447 1774 480 de

379 497 595 533 Fridebrant
621 503 685 532 aut
711 498 957 534 Fridebrando
987 499 1060 535 filio
1083 501 1274 546 quicquam
1300 502 1387 535 certi
1414 503 1491 536 erui
1517 514 1561 537 ex
1591 504 1773 538 annalium

377 556 592 590 nostratium
612 557 793 591 memoriis
810 562 940 601 potest,
958 557 1020 592 ubi
1038 563 1157 599 natus,
1184 569 1256 604 qua
1273 565 1389 595 matre
1406 560 1561 607 genitus,
1586 566 1650 596 aut
1667 573 1774 607 quam

378 613 473 648 vitae
491 614 730 649 conditionem
748 615 931 649 exitumve
948 615 1126 651 habuerit.

703 728 727 762 J
729 728 836 763 OAN
838 728 873 762 N
875 728 937 763 Es
964 729 1284 765 THEMISTOR.
1339 733 1357 765 1
1364 734 1382 765 1
1389 733 1447 770 49.

377 844 399 877 J
403 852 569 879 OANNES
587 843 795 878 Themistor
813 844 907 877 idem
933 849 988 879 est
1012 856 1053 878 ac
1077 844 1235 879 Joannes
1261 844 1464 890 Dempster,
1491 847 1689 882 academiae
1707 848 1775 883 Pa-

376 902 535 936 risiensis
553 902 730 946 splendor,
756 900 916 936 Venetae
941 902 1157 947 reipublicae
1184 901 1496 942 bibliothecarius;
1528 902 1571 937 de
1597 915 1668 949 quo
1694 904 1775 938 vide

375 959 435 993 lib.
456 968 510 993 lv.
529 970 638 1004 supra
656 959 724 993 hoc
741 970 858 1004 opere.
898 959 1059 1005 Scripsit,
1078 964 1219 1005 praeter
1236 970 1276 993 ea
1294 971 1386 1004 quae
1403 960 1453 993 ibi
1471 960 1538 995 loci
1556 963 1773 1002 enumeravi,

524 1017 695 1052 Actiones
713 1016 870 1052 forenses
888 1029 953 1063 pro
970 1017 1175 1058 Academia,
1194 1018 1280 1052 dum
1298 1017 1432 1052 Rector
1449 1023 1553 1060 esset,
1570 1019 1631 1054 lib.
1652 1028 1678 1053 1.

738 1131 963 1166 JACOBUS
988 1101 1178 1166 TYRIUs
1204 1131 1245 1166 P.
1301 1134 1408 1167 1150.

375 1248 557 1282 JACOBUS
575 1247 723 1293 Tyrius,
738 1247 871 1282 Graece
890 1247 1089 1292 Latineque
1107 1247 1347 1288 doctissimus,
1365 1247 1598 1292 philosophus
1612 1249 1774 1284 acutissi-

376 1317 468 1345 mus,
486 1306 674 1351 theologus
696 1305 945 1351 gravissimus,
972 1306 1009 1338 in
1034 1305 1237 1339 societatem
1255 1304 1344 1339 Jesu
1368 1310 1586 1350 assumptus,
1604 1306 1772 1347 docendo,

376 1364 571 1403 scribendo,
599 1363 796 1407 plurimum
825 1363 977 1397 contulit
1007 1363 1217 1396 incrementi
1245 1373 1351 1396 verae
1380 1363 1517 1406 pietati,
1549 1368 1585 1398 et
1614 1363 1770 1398 haeresis

375 1421 623 1465 exstirpationi
643 1421 730 1454 adeo
748 1420 924 1454 indefesso
938 1420 1056 1454 labore
1070 1420 1243 1460 incubuit,
1258 1424 1300 1454 ut
1322 1420 1412 1454 nulli
1429 1421 1510 1465 plus
1528 1421 1674 1456 ecclesia
1692 1421 1774 1456 Sco-

376 1479 446 1513 tica
463 1489 570 1522 quam
589 1479 620 1512 ei
639 1478 776 1512 debeat.
829 1477 981 1523 Scripsit

523 1535 578 1570 De
596 1535 738 1569 Calvini
757 1535 880 1569 Sectae
898 1535 1137 1569 Perversitate
1156 1535 1217 1569 lib.
1238 1544 1263 1568 1.
1315 1535 1396 1575 Quo
1414 1536 1574 1581 plerique
1587 1536 1772 1577 nobilium,

574 1594 619 1627 ad
645 1593 749 1626 fidem
777 1592 997 1626 Catholicam
1024 1594 1197 1632 conversi,
1220 1593 1397 1626 haeresim
1422 1593 1519 1627 illam
1547 1594 1771 1640 abjurarunt.

572 1650 729 1684 Joannes
748 1650 919 1684 Leslaeus
937 1650 998 1683 lib.
1020 1658 1074 1683 vl.
1096 1649 1234 1684 Histor.
1254 1650 1348 1684 Scot-

524 1708 578 1742 De
597 1707 777 1742 Ecclesiae
796 1707 953 1741 Scoticae
970 1707 1200 1752 Antiquitate
1218 1708 1278 1742 lib.
1300 1717 1325 1742 1.
1361 1707 1494 1743 Videre
1511 1708 1682 1743 hactenus
1701 1720 1772 1744 non

572 1765 685 1805 licuit,
704 1766 763 1799 sed
783 1765 876 1799 docti
896 1765 1049 1809 probant
1066 1765 1128 1809 qui
1152 1767 1327 1811 legerunt.

456 1822 462 1827 '
525 1822 569 1856 In
587 1823 707 1856 omnia
724 1821 932 1856 Aristotelis
950 1822 1069 1866 Opera
1089 1822 1330 1857 Commentar.
1352 1822 1457 1857 MSS.
1477 1822 1637 1857 Parisiis.

524 1880 568 1914 In
586 1881 705 1915 omnia
723 1880 769 1913 D.
787 1880 948 1914 Thomae
963 1880 1179 1914 Scholastica
1197 1880 1258 1914 lib.
1279 1890 1303 1914 1.
1332 1880 1514 1915 Dicuntur
1526 1881 1604 1927 jam
1621 1882 1772 1926 prodire.

425 1938 526 1972 Obiit
542 1938 699 1982 phoenix
724 1938 783 1972 ille
810 1938 1070 1983 religiosorum,
1097 1938 1341 1972 sanctissimae
1367 1938 1638 1984 inculpataeque
1665 1939 1771 1980 vitae,

377 1995 523 2037 Romae,
543 1995 678 2030 ordinis
696 1995 753 2030 sui
771 1993 954 2036 assistens,
972 2000 1015 2029 ut
1031 1996 1240 2039 loquuntur,
1258 2007 1353 2030 anno
1372 2004 1539 2030 MDxcn.

695 2109 970 2145 ROBERTUS
996 2109 1286 2145 TURNERUS.
1342 2112 1448 2145 1151.

378 2225 597 2260 ROBERTUS
628 2225 827 2266 Turnerus,
857 2226 1015 2260 medicus
1053 2237 1119 2260 sua
1157 2230 1271 2260 aetate
1310 2226 1624 2270 praeclarissimus,
1661 2228 1770 2261 scien-

377 2284 464 2317 tiam
506 2295 608 2318 suam
651 2285 854 2318 renovando
896 2284 1033 2328 patriae
1070 2283 1209 2324 honori,
1252 2288 1288 2317 et
1326 2284 1601 2328 antiquitatibus
1636 2285 1770 2329 impen-

377 2341 429 2374 dit
484 2342 658 2382 eruendis,
714 2352 867 2386 quarum
922 2346 958 2376 et
1013 2347 1090 2376 erat
1142 2346 1178 2375 et
1232 2341 1430 2376 habebatur
1484 2342 1767 2382 callentissimus,
