2060 2848
395 321 479 353 574*
787 319 1019 356 HISTORIA
1042 320 1415 356 ECCLESIASTICA

545 414 730 459 Epistolas
747 414 792 449 ad
811 414 1029 451 Oreadianos
1338 417 1399 451 lib.
1419 426 1444 452 1.

545 469 728 515 Epistulas
745 471 791 506 ad
808 470 988 509 Ecclesias
1005 470 1160 508 scoticas
1334 474 1398 509 lib.
1417 483 1444 508 1.

445 528 587 566 Floruit
604 539 698 565 anno
716 537 888 566 CCCCXL.
938 529 1108 566 Meminit
1125 535 1159 566 et
1177 530 1360 567 Antonius
1380 532 1597 569 Possevinus
1613 531 1789 578 Apparat.

396 586 493 622 Sacr.
520 597 602 634 pag.
627 595 719 621 ccx.
747 591 770 608 “
787 586 978 629 Serranus
1005 587 1191 624 Scotorum
1218 589 1414 635 episcopus,
1440 594 1477 625 et
1502 590 1683 627 orcadum
1709 602 1792 635 apo-

394 643 541 681 stolus?
591 643 668 681 Alii
686 644 819 681 eadem.

722 759 758 792 S.
786 757 1040 793 SILVANUS
1064 758 1220 794 ARCH.
1247 758 1294 795 A.
1351 762 1458 795 1031.

390 873 426 908 S.
458 874 667 908 S1LVANUS
693 872 974 914 archidiaconus,
1011 877 1032 892 “
1057 883 1208 919 magnae
1233 874 1435 910 sanctitatis
1461 879 1497 909 et
1525 874 1672 910 virtutis
1700 877 1791 917 vir,”

389 932 428 966 in
470 930 590 966 Scotia
631 930 839 965 successisse
882 929 998 964 fertur
1043 930 1366 976 peregrinationem
1409 931 1617 977 suscipienti
1660 932 1790 968 Sancto

391 989 524 1024 Livino
565 989 605 1023 in
647 987 991 1033 archiepiscopatum
1029 987 1298 1023 Dublinensem.
1359 988 1588 1025 Breviarium
1626 991 1790 1026 ecclesiae

390 1045 649 1086 Gandavensis,
681 1049 717 1082 et
747 1056 792 1080 ex
821 1056 862 1080 eo
900 1044 937 1079 S.
969 1044 1093 1081 Livini
1132 1044 1219 1081 Vita
1253 1047 1291 1082 in
1329 1047 1510 1092 epitomen
1546 1047 1688 1083 redacta
1726 1059 1790 1093 per

388 1104 620 1139 Franciscum
656 1102 853 1144 Haraeum,
896 1103 954 1138 die
988 1112 1064 1138 ΧΠ.
1101 1102 1330 1140 Novembris.
1400 1104 1472 1139 Hic
1505 1104 1698 1140 decessoris
1733 1107 1789 1140 sui

390 1161 618 1197 sanctitatem
647 1164 790 1198 secutus
820 1160 922 1201 mire,
958 1160 1163 1196 beatissimo
1193 1165 1247 1196 est
1277 1161 1378 1197 exitu
1408 1160 1609 1197 defunctus.
1672 1161 1789 1207 Scrip-

389 1220 435 1255 sit

537 1276 662 1312 Flores
679 1274 806 1312 Sacrae
824 1274 1029 1320 Scripturae
1333 1274 1393 1310 lib.
1414 1284 1440 1310 1.

436 1334 541 1370 Vixit
557 1344 652 1372 anno
670 1341 847 1369 ncnxm.

822 1447 859 1485 S,
886 1446 1081 1484 SERFUS
1106 1447 1187 1484 ΑΡ.
1241 1449 1361 1485 1032.,

388 1567 425 1601 S.
449 1566 608 1601 SERFUS
637 1564 755 1609 primo
784 1563 962 1599 nascentis
994 1563 1091 1607 apud
1121 1567 1300 1598 nostrates
1329 1563 1513 1609 religionis
1539 1565 1656 1600 seculo
1683 1566 1785 1606 vixit,

387 1629 423 1658 et
465 1634 509 1659 ex
552 1621 769 1658 Culdeorum
810 1631 919 1667 grege
961 1620 1147 1666 episcopus
1190 1621 1333 1661 electus,
1375 1620 1512 1666 aliquid
1551 1622 1673 1668 magni
1711 1623 1786 1657 ani-

388 1692 448 1716 mo
483 1680 638 1727 agitans,
680 1678 837 1714 Orcades
875 1677 1036 1714 nondum
1070 1678 1187 1713 adhuc
1219 1677 1302 1712 fidei
1336 1678 1414 1713 luce
1452 1678 1650 1714 illustratas
1685 1680 1785 1721 adiit,

388 1743 423 1773 et
441 1738 590 1773 verbum
615 1737 711 1773 vitae
735 1736 886 1773 rudibus
912 1735 983 1772 illis
1006 1735 1174 1783 gentibus
1197 1734 1395 1772 indefessus
1419 1736 1615 1771 nunciavit.
1668 1736 1785 1782 Scrip-

388 1796 435 1830 sit

537 1852 732 1888 Conciones
749 1852 796 1887 ad
813 1851 1032 1887 Orcadianos
1332 1849 1392 1885 lib.
1413 1859 1439 1884 1.

538 1910 594 1946 De
612 1909 811 1956 Religionis
829 1908 1055 1945 Christianae
1073 1907 1260 1953 Mysteriis
1332 1907 1394 1942 lib.
1414 1916 1439 1943 1.

537 1967 719 2013 Epistolas
737 1967 784 2002 ad
801 1965 957 2002 scoticas
974 1965 1153 2000 Ecclesias
1332 1964 1395 2000 lib.
1414 1973 1440 1999 Ι.

438 2026 579 2063 Claruit
597 2036 691 2060 anno
709 2033 879 2060 ccxcnl.
923 2023 1052 2058 Multis
1069 2028 1151 2068 post
1164 2023 1267 2058 illum
1281 2022 1385 2058 annis
1399 2022 1521 2057 eadem
1535 2022 1574 2057 in
1586 2027 1693 2070 gente
1706 2035 1785 2058 eru-

387 2085 517 2119 dienda
545 2083 683 2118 labores
714 2082 775 2117 alii
810 2086 1030 2126 posuerunt3
1069 2085 1111 2115 ut
1149 2080 1207 2115 hic
1246 2080 1385 2125 primus
1423 2079 1604 2116 Orcadum
1643 2087 1785 2126 aposto-

388 2144 455 2183 lus,
486 2142 522 2176 S.
553 2140 733 2176 servanus
763 2139 939 2175 secundus
969 2138 1038 2173 dici
1068 2138 1192 2183 possit.
1245 2138 1387 2174 Colitur
1417 2138 1494 2184 ejus
1525 2138 1585 2183 pia
1614 2138 1783 2173 memoria

388 2200 444 2234 ‹lie
464 2208 488 2233 1.
509 2197 680 2245 Augusti.
734 2197 963 2233 Breviarium
982 2195 1171 2232 scoticum.
