<?xml version="1.0" encoding="UTF-8"?>
<!DOCTYPE html PUBLIC "-//W3C//DTD XHTML 1.0 Transitional//EN"
    "http://www.w3.org/TR/xhtml1/DTD/xhtml1-transitional.dtd">
<html xmlns="http://www.w3.org/1999/xhtml" xml:lang="en" lang="en">
 <head>
  <title>
</title>
<meta http-equiv="Content-Type" content="text/html;charset=utf-8" />
  <meta name='ocr-system' content='tesseract 3.04.00' />
  <meta name='ocr-capabilities' content='ocr_page ocr_carea ocr_par ocr_line ocrx_word'/>
</head>
<body>
  <div class='ocr_page' id='page_1' title='image "./thomaedempster2102dempuoft_0124.png"; bbox 0 0 2060 2848; ppageno 0'>
   <div class='ocr_carea' id='block_1_1' title="bbox 374 315 1388 351">
    <p class='ocr_par' dir='ltr' id='par_1_1' title="bbox 374 315 1388 351">
     <span class='ocr_line' id='line_1_1' title="bbox 374 315 1388 351; baseline -0.001 -2"><span class='ocrx_word' id='word_1_1' title='bbox 374 318 457 349; x_wconf 73' lang='lat'>454*</span> <span class='ocrx_word' id='word_1_2' title='bbox 757 316 991 351; x_wconf 85' lang='lat' dir='ltr'><strong>HISTORIA</strong></span> <span class='ocrx_word' id='word_1_3' title='bbox 1014 315 1388 349; x_wconf 87' lang='lat' dir='ltr'><strong>ECCLESIASTICA</strong></span> 
     </span>
    </p>
   </div>
   <div class='ocr_carea' id='block_1_2' title="bbox 819 468 1322 504">
    <p class='ocr_par' dir='ltr' id='par_1_2' title="bbox 819 468 1322 504">
     <span class='ocr_line' id='line_1_2' title="bbox 819 468 1322 504; baseline -0.002 0"><span class='ocrx_word' id='word_1_4' title='bbox 819 469 855 504; x_wconf 90' lang='lat' dir='ltr'>S.</span> <span class='ocrx_word' id='word_1_5' title='bbox 882 469 923 504; x_wconf 92' lang='lat' dir='ltr'>M</span> <span class='ocrx_word' id='word_1_6' title='bbox 927 468 1185 504; x_wconf 89' lang='lat' dir='ltr'><strong>ARNANUS.</strong></span> <span class='ocrx_word' id='word_1_7' title='bbox 1239 471 1322 503; x_wconf 76' lang='lat'><strong>852.</strong></span> 
     </span>
    </p>
   </div>
   <div class='ocr_carea' id='block_1_3' title="bbox 378 584 1772 1026">
    <p class='ocr_par' dir='ltr' id='par_1_3' title="bbox 378 584 1769 743">
     <span class='ocr_line' id='line_1_3' title="bbox 380 584 1769 629; baseline -0.001 -8"><span class='ocrx_word' id='word_1_8' title='bbox 380 587 420 621; x_wconf 88' lang='lat' dir='ltr'>S.</span> <span class='ocrx_word' id='word_1_9' title='bbox 441 587 692 626; x_wconf 75' lang='lat' dir='ltr'>MARNANUS‚</span> <span class='ocrx_word' id='word_1_10' title='bbox 709 587 785 620; x_wconf 88' lang='lat' dir='ltr'>sive</span> <span class='ocrx_word' id='word_1_11' title='bbox 803 585 1005 625; x_wconf 81' lang='lat' dir='ltr'>Marranus,</span> <span class='ocrx_word' id='word_1_12' title='bbox 1024 584 1268 619; x_wconf 85' lang='lat' dir='ltr'>sanctissimus</span> <span class='ocrx_word' id='word_1_13' title='bbox 1287 584 1447 624; x_wconf 85' lang='lat' dir='ltr'>antistes,</span> <span class='ocrx_word' id='word_1_14' title='bbox 1473 585 1646 629; x_wconf 87' lang='lat' dir='ltr'>populum</span> <span class='ocrx_word' id='word_1_15' title='bbox 1665 595 1769 620; x_wconf 88' lang='lat' dir='ltr'>suum</span> 
     </span>
     <span class='ocr_line' id='line_1_4' title="bbox 379 642 1769 689; baseline -0.001 -10"><span class='ocrx_word' id='word_1_16' title='bbox 379 645 472 679; x_wconf 82' lang='lat' dir='ltr'>mira</span> <span class='ocrx_word' id='word_1_17' title='bbox 484 645 616 689; x_wconf 82' lang='lat' dir='ltr'>pietate</span> <span class='ocrx_word' id='word_1_18' title='bbox 629 644 814 678; x_wconf 84' lang='lat' dir='ltr'><strong>instruxit.</strong></span> <span class='ocrx_word' id='word_1_19' title='bbox 857 643 1007 687; x_wconf 88' lang='lat' dir='ltr'><strong>Scripsit</strong></span> <span class='ocrx_word' id='word_1_20' title='bbox 1020 643 1145 683; x_wconf 85' lang='lat' dir='ltr'>multa,</span> <span class='ocrx_word' id='word_1_21' title='bbox 1160 643 1221 676; x_wconf 88' lang='lat' dir='ltr'>sed</span> <span class='ocrx_word' id='word_1_22' title='bbox 1235 642 1351 687; x_wconf 88' lang='lat' dir='ltr'>apices</span> <span class='ocrx_word' id='word_1_23' title='bbox 1364 653 1560 686; x_wconf 88' lang='lat' dir='ltr'>paucorum</span> <span class='ocrx_word' id='word_1_24' title='bbox 1574 648 1745 687; x_wconf 82' lang='lat' dir='ltr'>superant</span> <span class='ocrx_word' id='word_1_25' title='bbox 1759 653 1769 683; x_wconf 91' lang='grc'><strong>;</strong></span> 
     </span>
     <span class='ocr_line' id='line_1_5' title="bbox 378 702 501 743; baseline 0.008 -8"><span class='ocrx_word' id='word_1_26' title='bbox 378 703 416 736; x_wconf 87' lang='lat' dir='ltr'>in</span> <span class='ocrx_word' id='word_1_27' title='bbox 433 702 501 743; x_wconf 88' lang='lat' dir='ltr'>his,</span> 
     </span>
    </p>

    <p class='ocr_par' dir='ltr' id='par_1_4' title="bbox 525 755 1772 1026">
     <span class='ocr_line' id='line_1_6' title="bbox 525 755 1770 802; baseline -0.002 -8"><span class='ocrx_word' id='word_1_28' title='bbox 525 758 597 793; x_wconf 91' lang='lat' dir='ltr'>Pro</span> <span class='ocrx_word' id='word_1_29' title='bbox 623 759 778 793; x_wconf 86' lang='lat' dir='ltr'>Foedere</span> <span class='ocrx_word' id='word_1_30' title='bbox 804 757 978 792; x_wconf 90' lang='lat' dir='ltr'>servando</span> <span class='ocrx_word' id='word_1_31' title='bbox 1028 756 1090 790; x_wconf 89' lang='lat' dir='ltr'>lib.</span> <span class='ocrx_word' id='word_1_32' title='bbox 1116 765 1142 790; x_wconf 91' lang='lat'>1.</span> <span class='ocrx_word' id='word_1_33' title='bbox 1194 756 1289 801; x_wconf 92' lang='lat' dir='ltr'>quod</span> <span class='ocrx_word' id='word_1_34' title='bbox 1315 755 1454 790; x_wconf 89' lang='lat' dir='ltr'>Scotiae</span> <span class='ocrx_word' id='word_1_35' title='bbox 1479 767 1544 790; x_wconf 86' lang='lat' dir='ltr'>rex</span> <span class='ocrx_word' id='word_1_36' title='bbox 1570 756 1770 802; x_wconf 85' lang='lat' dir='ltr'>Indulphus</span> 
     </span>
     <span class='ocr_line' id='line_1_7' title="bbox 577 813 1772 861; baseline -0.001 -11"><span class='ocrx_word' id='word_1_37' title='bbox 577 827 657 850; x_wconf 88' lang='lat' dir='ltr'>cum</span> <span class='ocrx_word' id='word_1_38' title='bbox 676 815 807 861; x_wconf 86' lang='lat' dir='ltr'>Anglis</span> <span class='ocrx_word' id='word_1_39' title='bbox 833 818 1054 848; x_wconf 88' lang='lat' dir='ltr'>contractum</span> <span class='ocrx_word' id='word_1_40' title='bbox 1080 813 1292 847; x_wconf 87' lang='lat' dir='ltr'>inviolatum</span> <span class='ocrx_word' id='word_1_41' title='bbox 1319 813 1488 853; x_wconf 82' lang='lat' dir='ltr'>servavit,</span> <span class='ocrx_word' id='word_1_42' title='bbox 1515 813 1772 859; x_wconf 89' lang='lat' dir='ltr'>Danorumque</span> 
     </span>
     <span class='ocr_line' id='line_1_8' title="bbox 575 870 1771 919; baseline -0.001 -12"><span class='ocrx_word' id='word_1_43' title='bbox 575 885 676 919; x_wconf 86' lang='lat' dir='ltr'>reges</span> <span class='ocrx_word' id='word_1_44' title='bbox 707 873 908 918; x_wconf 86' lang='lat' dir='ltr'>Hagonem,</span> <span class='ocrx_word' id='word_1_45' title='bbox 938 870 1166 917; x_wconf 88' lang='lat' dir='ltr'>Morvegum,</span> <span class='ocrx_word' id='word_1_46' title='bbox 1197 875 1233 904; x_wconf 90' lang='lat' dir='ltr'>et</span> <span class='ocrx_word' id='word_1_47' title='bbox 1259 870 1457 904; x_wconf 87' lang='lat' dir='ltr'>Henricum</span> <span class='ocrx_word' id='word_1_48' title='bbox 1487 881 1569 905; x_wconf 91' lang='lat' dir='ltr'>cum</span> <span class='ocrx_word' id='word_1_49' title='bbox 1593 872 1771 906; x_wconf 85' lang='lat' dir='ltr'>universis</span> 
     </span>
     <span class='ocr_line' id='line_1_9' title="bbox 576 928 1772 976; baseline -0.002 -11"><span class='ocrx_word' id='word_1_50' title='bbox 576 931 686 976; x_wconf 88' lang='lat' dir='ltr'>copiis</span> <span class='ocrx_word' id='word_1_51' title='bbox 704 930 846 970; x_wconf 82' lang='lat' dir='ltr'>delevit,</span> <span class='ocrx_word' id='word_1_52' title='bbox 873 934 956 973; x_wconf 85' lang='lat' dir='ltr'>post</span> <span class='ocrx_word' id='word_1_53' title='bbox 978 928 1196 962; x_wconf 87' lang='lat' dir='ltr'>Analassum</span> <span class='ocrx_word' id='word_1_54' title='bbox 1223 928 1415 962; x_wconf 89' lang='lat' dir='ltr'>eorundem</span> <span class='ocrx_word' id='word_1_55' title='bbox 1441 939 1562 974; x_wconf 85' lang='lat' dir='ltr'>regem</span> <span class='ocrx_word' id='word_1_56' title='bbox 1588 929 1772 973; x_wconf 89' lang='lat' dir='ltr'>septennio</span> 
     </span>
     <span class='ocr_line' id='line_1_10' title="bbox 576 986 1720 1026; baseline -0.003 -3"><span class='ocrx_word' id='word_1_57' title='bbox 576 993 659 1023; x_wconf 87' lang='lat' dir='ltr'>ante</span> <span class='ocrx_word' id='word_1_58' title='bbox 676 988 892 1022; x_wconf 86' lang='lat' dir='ltr'>exstinctum</span> <span class='ocrx_word' id='word_1_59' title='bbox 910 986 994 1026; x_wconf 88' lang='lat' dir='ltr'>acie,</span> <span class='ocrx_word' id='word_1_60' title='bbox 1013 990 1048 1020; x_wconf 90' lang='lat' dir='ltr'>et</span> <span class='ocrx_word' id='word_1_61' title='bbox 1065 997 1146 1020; x_wconf 90' lang='lat' dir='ltr'>cum</span> <span class='ocrx_word' id='word_1_62' title='bbox 1164 986 1238 1019; x_wconf 87' lang='lat' dir='ltr'>suis</span> <span class='ocrx_word' id='word_1_63' title='bbox 1258 986 1303 1019; x_wconf 88' lang='lat' dir='ltr'>ad</span> <span class='ocrx_word' id='word_1_64' title='bbox 1320 986 1597 1020; x_wconf 86' lang='lat' dir='ltr'>internecionem</span> <span class='ocrx_word' id='word_1_65' title='bbox 1616 987 1720 1021; x_wconf 87' lang='lat' dir='ltr'>datis.</span> 
     </span>
    </p>
   </div>
   <div class='ocr_carea' id='block_1_4' title="bbox 429 1042 1767 1139">
    <p class='ocr_par' dir='ltr' id='par_1_5' title="bbox 429 1042 1767 1139">
     <span class='ocr_line' id='line_1_11' title="bbox 526 1042 1472 1088; baseline -0.005 -7"><span class='ocrx_word' id='word_1_66' title='bbox 526 1047 763 1081; x_wconf 89' lang='lat' dir='ltr'>Monitorium</span> <span class='ocrx_word' id='word_1_67' title='bbox 782 1046 827 1079; x_wconf 90' lang='lat' dir='ltr'>ad</span> <span class='ocrx_word' id='word_1_68' title='bbox 844 1044 1022 1078; x_wconf 89' lang='lat' dir='ltr'>Ecclesias</span> <span class='ocrx_word' id='word_1_69' title='bbox 1039 1043 1174 1088; x_wconf 86' lang='lat' dir='ltr'>patrias</span> <span class='ocrx_word' id='word_1_70' title='bbox 1365 1042 1426 1077; x_wconf 87' lang='lat' dir='ltr'>lib.</span> <span class='ocrx_word' id='word_1_71' title='bbox 1447 1052 1472 1076; x_wconf 91' lang='lat'>1.</span> 
     </span>
     <span class='ocr_line' id='line_1_12' title="bbox 429 1099 1767 1139; baseline -0.002 0"><span class='ocrx_word' id='word_1_72' title='bbox 429 1105 570 1139; x_wconf 86' lang='lat' dir='ltr'>Floruit</span> <span class='ocrx_word' id='word_1_73' title='bbox 587 1115 680 1138; x_wconf 90' lang='lat' dir='ltr'>anno</span> <span class='ocrx_word' id='word_1_74' title='bbox 699 1111 935 1137; x_wconf 80' lang='lat' dir='ltr'><strong>DCCCCLXII.</strong></span> <span class='ocrx_word' id='word_1_75' title='bbox 980 1100 1120 1135; x_wconf 84' lang='lat' dir='ltr'><strong>Colitur</strong></span> <span class='ocrx_word' id='word_1_76' title='bbox 1137 1100 1194 1134; x_wconf 86' lang='lat' dir='ltr'>die</span> <span class='ocrx_word' id='word_1_77' title='bbox 1213 1109 1255 1134; x_wconf 83' lang='lat'>11.</span> <span class='ocrx_word' id='word_1_78' title='bbox 1276 1099 1414 1134; x_wconf 84' lang='lat' dir='ltr'>Martii.</span> <span class='ocrx_word' id='word_1_79' title='bbox 1458 1100 1622 1136; x_wconf 87' lang='lat' dir='ltr'>Breviar.</span> <span class='ocrx_word' id='word_1_80' title='bbox 1642 1100 1767 1137; x_wconf 85' lang='lat' dir='ltr'>Scotic.</span> 
     </span>
    </p>
   </div>
   <div class='ocr_carea' id='block_1_5' title="bbox 780 1214 1369 1253">
    <p class='ocr_par' dir='ltr' id='par_1_6' title="bbox 780 1214 1369 1253">
     <span class='ocr_line' id='line_1_13' title="bbox 780 1214 1369 1253; baseline -0.007 0"><span class='ocrx_word' id='word_1_81' title='bbox 780 1218 818 1253; x_wconf 88' lang='lat' dir='ltr'>S.</span> <span class='ocrx_word' id='word_1_82' title='bbox 844 1214 1231 1251; x_wconf 87' lang='lat' dir='ltr'><strong>MAKKESSAGUS.</strong></span> <span class='ocrx_word' id='word_1_83' title='bbox 1286 1217 1369 1250; x_wconf 82' lang='lat'><strong>853.</strong></span> 
     </span>
    </p>
   </div>
   <div class='ocr_carea' id='block_1_6' title="bbox 375 1331 1770 1714">
    <p class='ocr_par' dir='ltr' id='par_1_7' title="bbox 375 1331 1770 1714">
     <span class='ocr_line' id='line_1_14' title="bbox 378 1331 1770 1378; baseline -0.001 -8"><span class='ocrx_word' id='word_1_84' title='bbox 378 1336 414 1370; x_wconf 86' lang='lat' dir='ltr'>S.</span> <span class='ocrx_word' id='word_1_85' title='bbox 433 1335 740 1370; x_wconf 71' lang='lat' dir='ltr'>MAKKESSAGUS</span> <span class='ocrx_word' id='word_1_86' title='bbox 758 1334 881 1368; x_wconf 85' lang='lat' dir='ltr'>Scotos</span> <span class='ocrx_word' id='word_1_87' title='bbox 899 1331 1089 1377; x_wconf 85' lang='lat' dir='ltr'>episcopali</span> <span class='ocrx_word' id='word_1_88' title='bbox 1107 1332 1282 1378; x_wconf 86' lang='lat' dir='ltr'>dignitate</span> <span class='ocrx_word' id='word_1_89' title='bbox 1300 1331 1405 1372; x_wconf 87' lang='lat' dir='ltr'>rexit,</span> <span class='ocrx_word' id='word_1_90' title='bbox 1424 1342 1468 1366; x_wconf 87' lang='lat' dir='ltr'>ex</span> <span class='ocrx_word' id='word_1_91' title='bbox 1486 1331 1714 1374; x_wconf 82' lang='lat' dir='ltr'>Culdeorum,</span> <span class='ocrx_word' id='word_1_92' title='bbox 1728 1339 1770 1369; x_wconf 91' lang='lat' dir='ltr'>ut</span> 
     </span>
     <span class='ocr_line' id='line_1_15' title="bbox 376 1386 1770 1436; baseline -0.001 -9"><span class='ocrx_word' id='word_1_93' title='bbox 376 1394 555 1433; x_wconf 83' lang='lat' dir='ltr'>existimo,</span> <span class='ocrx_word' id='word_1_94' title='bbox 567 1393 690 1426; x_wconf 89' lang='lat' dir='ltr'>ordine</span> <span class='ocrx_word' id='word_1_95' title='bbox 701 1393 843 1425; x_wconf 86' lang='lat' dir='ltr'>electus.</span> <span class='ocrx_word' id='word_1_96' title='bbox 884 1389 1001 1424; x_wconf 88' lang='lat' dir='ltr'>Aedes</span> <span class='ocrx_word' id='word_1_97' title='bbox 1016 1390 1048 1423; x_wconf 91' lang='lat' dir='ltr'>ei</span> <span class='ocrx_word' id='word_1_98' title='bbox 1063 1400 1162 1423; x_wconf 84' lang='lat' dir='ltr'>sacra</span> <span class='ocrx_word' id='word_1_99' title='bbox 1175 1386 1251 1436; x_wconf 90' lang='lat' dir='ltr'>[in]</span> <span class='ocrx_word' id='word_1_100' title='bbox 1264 1388 1427 1429; x_wconf 84' lang='lat' dir='ltr'>Levinia‚</span> <span class='ocrx_word' id='word_1_101' title='bbox 1440 1399 1550 1434; x_wconf 89' lang='lat' dir='ltr'>prope</span> <span class='ocrx_word' id='word_1_102' title='bbox 1561 1391 1770 1426; x_wconf 90' lang='lat' dir='ltr'>comitatum</span> 
     </span>
     <span class='ocr_line' id='line_1_16' title="bbox 375 1446 1769 1494; baseline -0.001 -10"><span class='ocrx_word' id='word_1_103' title='bbox 375 1452 419 1484; x_wconf 82' lang='lat' dir='ltr'>de</span> <span class='ocrx_word' id='word_1_104' title='bbox 445 1449 622 1490; x_wconf 84' lang='lat' dir='ltr'>Menteth,</span> <span class='ocrx_word' id='word_1_105' title='bbox 643 1453 792 1483; x_wconf 87' lang='lat' dir='ltr'>vocatur</span> <span class='ocrx_word' id='word_1_106' title='bbox 809 1447 1001 1492; x_wconf 89' lang='lat' dir='ltr'>Templum</span> <span class='ocrx_word' id='word_1_107' title='bbox 1021 1446 1164 1487; x_wconf 88' lang='lat' dir='ltr'>Portus,</span> <span class='ocrx_word' id='word_1_108' title='bbox 1186 1446 1358 1480; x_wconf 86' lang='lat' dir='ltr'>nundinis</span> <span class='ocrx_word' id='word_1_109' title='bbox 1376 1451 1412 1481; x_wconf 91' lang='lat' dir='ltr'>et</span> <span class='ocrx_word' id='word_1_110' title='bbox 1428 1446 1630 1492; x_wconf 88' lang='lat' dir='ltr'>frequentia</span> <span class='ocrx_word' id='word_1_111' title='bbox 1646 1450 1769 1494; x_wconf 90' lang='lat' dir='ltr'>populi</span> 
     </span>
     <span class='ocr_line' id='line_1_17' title="bbox 375 1507 720 1551; baseline -0.006 -9"><span class='ocrx_word' id='word_1_112' title='bbox 375 1507 518 1542; x_wconf 80' lang='lat' dir='ltr'>celebre.</span> <span class='ocrx_word' id='word_1_113' title='bbox 570 1507 720 1551; x_wconf 84' lang='lat' dir='ltr'>Scripsit</span> 
     </span>
     <span class='ocr_line' id='line_1_18' title="bbox 525 1562 1471 1609; baseline -0.002 -11"><span class='ocrx_word' id='word_1_114' title='bbox 525 1565 752 1609; x_wconf 86' lang='lat' dir='ltr'>Manipulum</span> <span class='ocrx_word' id='word_1_115' title='bbox 772 1562 923 1597; x_wconf 86' lang='lat' dir='ltr'>Precum</span> <span class='ocrx_word' id='word_1_116' title='bbox 1364 1562 1425 1596; x_wconf 89' lang='lat' dir='ltr'>lib.</span> <span class='ocrx_word' id='word_1_117' title='bbox 1445 1571 1471 1597; x_wconf 90' lang='lat'>1.</span> 
     </span>
     <span class='ocr_line' id='line_1_19' title="bbox 524 1620 1469 1665; baseline -0.002 -9"><span class='ocrx_word' id='word_1_118' title='bbox 524 1622 731 1656; x_wconf 86' lang='lat' dir='ltr'>Catechesin</span> <span class='ocrx_word' id='word_1_119' title='bbox 748 1621 794 1655; x_wconf 86' lang='lat' dir='ltr'>ad</span> <span class='ocrx_word' id='word_1_120' title='bbox 812 1620 1022 1665; x_wconf 88' lang='lat' dir='ltr'>Neophytos</span> <span class='ocrx_word' id='word_1_121' title='bbox 1362 1620 1423 1654; x_wconf 90' lang='lat' dir='ltr'>lib.</span> <span class='ocrx_word' id='word_1_122' title='bbox 1444 1629 1469 1654; x_wconf 92' lang='lat'>1.</span> 
     </span>
     <span class='ocr_line' id='line_1_20' title="bbox 428 1675 1640 1714; baseline -0.001 0"><span class='ocrx_word' id='word_1_123' title='bbox 428 1680 569 1714; x_wconf 88' lang='lat' dir='ltr'>Floruit</span> <span class='ocrx_word' id='word_1_124' title='bbox 586 1690 680 1713; x_wconf 88' lang='lat' dir='ltr'>anno</span> <span class='ocrx_word' id='word_1_125' title='bbox 698 1687 799 1712; x_wconf 83' lang='lat' dir='ltr'><strong>DXX.</strong></span> <span class='ocrx_word' id='word_1_126' title='bbox 853 1677 992 1712; x_wconf 90' lang='lat' dir='ltr'>Colitur</span> <span class='ocrx_word' id='word_1_127' title='bbox 1009 1677 1066 1711; x_wconf 91' lang='lat' dir='ltr'>die</span> <span class='ocrx_word' id='word_1_128' title='bbox 1083 1686 1124 1711; x_wconf 83' lang='lat' dir='ltr'>X.</span> <span class='ocrx_word' id='word_1_129' title='bbox 1143 1675 1280 1710; x_wconf 84' lang='lat' dir='ltr'>Martii.</span> <span class='ocrx_word' id='word_1_130' title='bbox 1332 1676 1494 1712; x_wconf 87' lang='lat' dir='ltr'>Breviar.</span> <span class='ocrx_word' id='word_1_131' title='bbox 1514 1678 1640 1713; x_wconf 90' lang='lat' dir='ltr'>Scotic.</span> 
     </span>
    </p>
   </div>
   <div class='ocr_carea' id='block_1_7' title="bbox 860 1791 1284 1827">
    <p class='ocr_par' dir='ltr' id='par_1_8' title="bbox 860 1791 1284 1827">
     <span class='ocr_line' id='line_1_21' title="bbox 860 1791 1284 1827; baseline -0.005 0"><span class='ocrx_word' id='word_1_132' title='bbox 860 1793 897 1827; x_wconf 90' lang='lat' dir='ltr'>S.</span> <span class='ocrx_word' id='word_1_133' title='bbox 923 1791 1148 1827; x_wconf 86' lang='lat' dir='ltr'><strong>MUNDUS.</strong></span> <span class='ocrx_word' id='word_1_134' title='bbox 1199 1793 1284 1826; x_wconf 83' lang='lat'><strong>854.</strong></span> 
     </span>
    </p>
   </div>
   <div class='ocr_carea' id='block_1_8' title="bbox 375 1907 1764 2242">
    <p class='ocr_par' dir='ltr' id='par_1_9' title="bbox 375 1907 1764 2011">
     <span class='ocr_line' id='line_1_22' title="bbox 377 1907 1764 1955; baseline 0 -10"><span class='ocrx_word' id='word_1_135' title='bbox 377 1912 412 1945; x_wconf 89' lang='lat' dir='ltr'>S.</span> <span class='ocrx_word' id='word_1_136' title='bbox 432 1910 624 1950; x_wconf 81' lang='lat' dir='ltr'>MUNDUS‚</span> <span class='ocrx_word' id='word_1_137' title='bbox 654 1909 761 1943; x_wconf 85' lang='lat' dir='ltr'>abbas</span> <span class='ocrx_word' id='word_1_138' title='bbox 778 1908 815 1942; x_wconf 91' lang='lat' dir='ltr'>in</span> <span class='ocrx_word' id='word_1_139' title='bbox 833 1907 1056 1955; x_wconf 87' lang='lat' dir='ltr'>Argathelia,</span> <span class='ocrx_word' id='word_1_140' title='bbox 1084 1912 1245 1942; x_wconf 84' lang='lat' dir='ltr'>austerae</span> <span class='ocrx_word' id='word_1_141' title='bbox 1271 1907 1464 1942; x_wconf 88' lang='lat' dir='ltr'>admodum</span> <span class='ocrx_word' id='word_1_142' title='bbox 1489 1913 1525 1943; x_wconf 89' lang='lat' dir='ltr'>et</span> <span class='ocrx_word' id='word_1_143' title='bbox 1550 1910 1764 1946; x_wconf 87' lang='lat' dir='ltr'>continentis</span> 
     </span>
     <span class='ocr_line' id='line_1_23' title="bbox 375 1966 1154 2011; baseline -0.004 -9"><span class='ocrx_word' id='word_1_144' title='bbox 375 1970 480 2009; x_wconf 82' lang='lat' dir='ltr'>vitae,</span> <span class='ocrx_word' id='word_1_145' title='bbox 499 1967 680 2011; x_wconf 84' lang='lat' dir='ltr'>scripsisse</span> <span class='ocrx_word' id='word_1_146' title='bbox 697 1970 847 2011; x_wconf 87' lang='lat' dir='ltr'>putatur</span> <span class='ocrx_word' id='word_1_147' title='bbox 863 1967 975 2000; x_wconf 86' lang='lat' dir='ltr'>multa</span> <span class='ocrx_word' id='word_1_148' title='bbox 992 1976 1002 2006; x_wconf 78' lang='lat'><em>3</em></span> <span class='ocrx_word' id='word_1_149' title='bbox 1030 1966 1068 2000; x_wconf 91' lang='lat' dir='ltr'>in</span> <span class='ocrx_word' id='word_1_150' title='bbox 1085 1966 1154 2004; x_wconf 91' lang='lat' dir='ltr'>his,</span> 
     </span>
    </p>

    <p class='ocr_par' dir='ltr' id='par_1_10' title="bbox 521 2022 1763 2175">
     <span class='ocr_line' id='line_1_24' title="bbox 521 2022 1763 2071; baseline 0.002 -12"><span class='ocrx_word' id='word_1_151' title='bbox 521 2024 664 2059; x_wconf 83' lang='lat' dir='ltr'>Fascini</span> <span class='ocrx_word' id='word_1_152' title='bbox 683 2029 717 2058; x_wconf 91' lang='lat' dir='ltr'>et</span> <span class='ocrx_word' id='word_1_153' title='bbox 735 2022 994 2058; x_wconf 87' lang='lat' dir='ltr'>Veneficiorum</span> <span class='ocrx_word' id='word_1_154' title='bbox 1013 2022 1310 2068; x_wconf 83' lang='lat' dir='ltr'>Disquisitionem</span> <span class='ocrx_word' id='word_1_155' title='bbox 1349 2023 1411 2058; x_wconf 90' lang='lat' dir='ltr'>lib.</span> <span class='ocrx_word' id='word_1_156' title='bbox 1433 2034 1458 2059; x_wconf 90' lang='lat'>1.</span> <span class='ocrx_word' id='word_1_157' title='bbox 1502 2024 1570 2059; x_wconf 87' lang='lat' dir='ltr'>Illa</span> <span class='ocrx_word' id='word_1_158' title='bbox 1587 2026 1763 2071; x_wconf 88' lang='lat' dir='ltr'>optimum</span> 
     </span>
     <span class='ocr_line' id='line_1_25' title="bbox 568 2080 1763 2128; baseline 0.002 -12"><span class='ocrx_word' id='word_1_159' title='bbox 568 2082 765 2127; x_wconf 88' lang='lat' dir='ltr'>principem</span> <span class='ocrx_word' id='word_1_160' title='bbox 795 2080 945 2116; x_wconf 86' lang='lat' dir='ltr'>Duffum</span> <span class='ocrx_word' id='word_1_161' title='bbox 975 2093 1095 2128; x_wconf 88' lang='lat' dir='ltr'>regem</span> <span class='ocrx_word' id='word_1_162' title='bbox 1125 2082 1347 2116; x_wconf 86' lang='lat' dir='ltr'>violaverant</span> <span class='ocrx_word' id='word_1_163' title='bbox 1376 2082 1534 2123; x_wconf 89' lang='lat' dir='ltr'>mirifice,</span> <span class='ocrx_word' id='word_1_164' title='bbox 1566 2095 1606 2117; x_wconf 88' lang='lat' dir='ltr'>ac</span> <span class='ocrx_word' id='word_1_165' title='bbox 1635 2085 1763 2119; x_wconf 88' lang='lat' dir='ltr'>lectulo</span> 
     </span>
     <span class='ocr_line' id='line_1_26' title="bbox 568 2140 762 2175; baseline 0 -1"><span class='ocrx_word' id='word_1_166' title='bbox 568 2140 762 2175; x_wconf 83' lang='lat' dir='ltr'>affixerant.</span> 
     </span>
    </p>

    <p class='ocr_par' dir='ltr' id='par_1_11' title="bbox 422 2196 1760 2242">
     <span class='ocr_line' id='line_1_27' title="bbox 422 2196 1760 2242; baseline 0 -8"><span class='ocrx_word' id='word_1_167' title='bbox 422 2199 524 2234; x_wconf 84' lang='lat' dir='ltr'>Vixit</span> <span class='ocrx_word' id='word_1_168' title='bbox 541 2209 635 2233; x_wconf 78' lang='lat' dir='ltr'>anno</span> <span class='ocrx_word' id='word_1_169' title='bbox 654 2207 887 2233; x_wconf 81' lang='lat' dir='ltr'>DececLXII.</span> <span class='ocrx_word' id='word_1_170' title='bbox 936 2197 1077 2233; x_wconf 89' lang='lat' dir='ltr'>Colitur</span> <span class='ocrx_word' id='word_1_171' title='bbox 1092 2198 1150 2232; x_wconf 91' lang='lat' dir='ltr'>die</span> <span class='ocrx_word' id='word_1_172' title='bbox 1168 2205 1237 2232; x_wconf 75' lang='lat' dir='ltr'>XV.</span> <span class='ocrx_word' id='word_1_173' title='bbox 1257 2196 1406 2242; x_wconf 82' lang='lat' dir='ltr'>Aprilis.</span> <span class='ocrx_word' id='word_1_174' title='bbox 1450 2197 1613 2233; x_wconf 84' lang='lat' dir='ltr'>Breviar.</span> <span class='ocrx_word' id='word_1_175' title='bbox 1634 2198 1760 2234; x_wconf 86' lang='lat' dir='ltr'>Scotic.</span> 
     </span>
    </p>
   </div>
   <div class='ocr_carea' id='block_1_9' title="bbox 854 2295 1278 2331">
    <p class='ocr_par' dir='ltr' id='par_1_12' title="bbox 854 2295 1278 2331">
     <span class='ocr_line' id='line_1_28' title="bbox 854 2295 1278 2331; baseline 0.002 -1"><span class='ocrx_word' id='word_1_176' title='bbox 854 2296 889 2331; x_wconf 89' lang='lat' dir='ltr'>S.</span> <span class='ocrx_word' id='word_1_177' title='bbox 917 2295 1141 2330; x_wconf 89' lang='lat' dir='ltr'><strong>MAGNUS.</strong></span> <span class='ocrx_word' id='word_1_178' title='bbox 1195 2299 1278 2331; x_wconf 81' lang='lat'><strong>855.</strong></span> 
     </span>
    </p>
   </div>
   <div class='ocr_carea' id='block_1_10' title="bbox 373 2370 1760 2473">
    <p class='ocr_par' dir='ltr' id='par_1_13' title="bbox 373 2370 1760 2473">
     <span class='ocr_line' id='line_1_29' title="bbox 376 2370 1760 2417; baseline -0.001 -10"><span class='ocrx_word' id='word_1_179' title='bbox 376 2374 412 2407; x_wconf 82' lang='lat' dir='ltr'>S.</span> <span class='ocrx_word' id='word_1_180' title='bbox 432 2372 624 2412; x_wconf 77' lang='lat' dir='ltr'>MAGNUS,</span> <span class='ocrx_word' id='word_1_181' title='bbox 647 2376 751 2417; x_wconf 84' lang='lat' dir='ltr'>gente</span> <span class='ocrx_word' id='word_1_182' title='bbox 770 2371 907 2410; x_wconf 87' lang='lat' dir='ltr'>Scotus,</span> <span class='ocrx_word' id='word_1_183' title='bbox 926 2371 970 2404; x_wconf 89' lang='lat' dir='ltr'>ad</span> <span class='ocrx_word' id='word_1_184' title='bbox 989 2370 1143 2404; x_wconf 85' lang='lat' dir='ltr'>Orcades</span> <span class='ocrx_word' id='word_1_185' title='bbox 1168 2371 1313 2411; x_wconf 86' lang='lat' dir='ltr'>insulas,</span> <span class='ocrx_word' id='word_1_186' title='bbox 1340 2382 1431 2416; x_wconf 85' lang='lat' dir='ltr'>quae</span> <span class='ocrx_word' id='word_1_187' title='bbox 1457 2371 1626 2415; x_wconf 88' lang='lat' dir='ltr'>pietatem</span> <span class='ocrx_word' id='word_1_188' title='bbox 1653 2383 1760 2416; x_wconf 83' lang='lat' dir='ltr'>quani</span> 
     </span>
     <span class='ocr_line' id='line_1_30' title="bbox 373 2428 1760 2473; baseline -0.001 -9"><span class='ocrx_word' id='word_1_189' title='bbox 373 2443 395 2464; x_wconf 86' lang='lat' dir='ltr'>a</span> <span class='ocrx_word' id='word_1_190' title='bbox 428 2429 489 2464; x_wconf 92' lang='lat' dir='ltr'>SS.</span> <span class='ocrx_word' id='word_1_191' title='bbox 518 2429 712 2463; x_wconf 86' lang='lat' dir='ltr'>Brandano</span> <span class='ocrx_word' id='word_1_192' title='bbox 742 2433 777 2462; x_wconf 89' lang='lat' dir='ltr'>et</span> <span class='ocrx_word' id='word_1_193' title='bbox 805 2428 973 2462; x_wconf 89' lang='lat' dir='ltr'>Machute</span> <span class='ocrx_word' id='word_1_194' title='bbox 1000 2428 1083 2462; x_wconf 85' lang='lat' dir='ltr'>olim</span> <span class='ocrx_word' id='word_1_195' title='bbox 1114 2428 1305 2462; x_wconf 86' lang='lat' dir='ltr'>hauserant</span> <span class='ocrx_word' id='word_1_196' title='bbox 1334 2433 1513 2469; x_wconf 82' lang='lat' dir='ltr'>exuenteS‚</span> <span class='ocrx_word' id='word_1_197' title='bbox 1542 2429 1580 2462; x_wconf 90' lang='lat' dir='ltr'>in</span> <span class='ocrx_word' id='word_1_198' title='bbox 1605 2430 1760 2473; x_wconf 87' lang='lat' dir='ltr'>priorem</span> 
     </span>
    </p>
   </div>
  </div>
 </body>
</html>
