2060 2848
381 479 880 536 HISTORIAE
924 478 1685 537 ECOLESIASTICAE

669 582 950 633 GENTIS
989 580 1389 631 SCOTORUM

885 697 1070 739 LIBER
1099 697 1190 739 XV.

791 836 828 871 S.
855 835 1138 871 PANDIONA.
1190 839 1274 875 997.

340 932 376 966 S.
393 932 629 971 PANDIONA,
647 930 741 976 regis
759 928 896 964 Scotiae
913 927 997 969 filia,
1014 938 1105 972 quae
1122 939 1202 963 cum
1220 929 1258 963 in
1274 930 1432 966 nubilem
1445 935 1597 966 aetatem
1612 933 1726 968 adole-

340 989 460 1029 visset,
478 992 514 1022 et
532 992 634 1032 pater
649 986 876 1032 iniquissima
901 996 941 1019 ac
965 985 1090 1030 pietati
1109 990 1262 1031 votoque
1279 986 1374 1022 facto
1399 989 1625 1024 adversantia
1647 1001 1727 1025 sua-

339 1046 450 1087 deret,
469 1056 572 1089 saepe
589 1047 744 1091 urgeret,
762 1043 869 1077 minis
886 1046 1045 1083 terreret,
1065 1042 1181 1076 verita
1205 1054 1251 1077 ne
1273 1044 1331 1078 vel
1354 1045 1519 1080 muliebri
1545 1046 1728 1081 imbecilli-

340 1107 414 1137 tate
430 1101 683 1141 succumberet,
709 1101 766 1135 vel
791 1099 978 1134 tormentis
1004 1099 1050 1132 ad
1074 1099 1200 1144 iniqua
1220 1101 1403 1135 toleranda
1421 1107 1617 1148 cogeretur,
1643 1103 1730 1150 fuga

339 1159 538 1194 subsidium
556 1169 596 1192 ac
617 1156 837 1204 virginitatis
854 1156 1116 1190 munimentum
1136 1158 1325 1201 quaesivit,
1348 1158 1546 1204 habituque
1564 1160 1729 1195 dissimu-

339 1218 411 1251 lato
435 1215 589 1262 Angliae
614 1215 743 1249 intima
762 1213 974 1259 penetravit,
992 1224 1032 1247 ac
1048 1223 1158 1258 prope
1176 1212 1351 1249 Grantam
1370 1214 1620 1257 Geruviorum‚
1639 1228 1729 1262 quae

340 1278 463 1318 postea
480 1272 713 1318 Cantabrigia
729 1271 824 1305 dicta
841 1274 905 1311 est,
923 1270 1143 1304 sanctissime
1161 1270 1275 1305 vitam
1301 1272 1531 1306 durissimam
1556 1274 1730 1314 traduxit,

341 1331 432 1365 etin
450 1329 663 1364 sanctissimi
682 1328 757 1363 voti
782 1327 999 1372 professione
1025 1326 1124 1367 obiit,
1150 1328 1309 1372 reliquiis
1335 1328 1465 1363 ibidem
1491 1330 1558 1364 loci
1584 1331 1725 1377 religio·

340 1388 479 1422 sissime
495 1386 668 1426 conditis3
692 1385 793 1431 cujus
812 1385 924 1419 vitam
948 1383 1090 1428 scripsit
1108 1384 1310 1418 Richardus
1328 1383 1549 1426 Eltessleius,
1568 1387 1728 1422 sacerdos

341 1444 494 1491 Anglus,
509 1443 688 1478 Lelandus
698 1442 759 1476 lib.
773 1450 827 1476 IV.
842 1442 885 1475 de
898 1440 996 1476 Viris
1014 1440 1230 1481 Illustribus,
1249 1445 1285 1475 et
1301 1441 1464 1476 meminit
1481 1441 1506 1476 J
1507 1454 1638 1478 oannes
1652 1443 1728 1478 Pit-

341 1512 445 1537 saeus
474 1500 634 1535 centuria
664 1508 725 1533 111.
757 1498 959 1543 appendicis
989 1508 1139 1532 numero
1170 1506 1337 1532 LXXXII.
1371 1499 1434 1544 qui
1467 1501 1664 1535 scurriliter
1693 1506 1729 1536 et

342 1558 604 1598 contumeliose,
621 1561 664 1591 ut
680 1557 780 1597 solet,
798 1556 907 1590 filiam
925 1555 1040 1602 reguli
1057 1554 1194 1589 Scotiae
1211 1555 1389 1599 appellat:
1418 1556 1480 1590 sed
1497 1558 1643 1602 regulus
1666 1558 1726 1592 ille

342 1625 491 1662 magnos
516 1614 670 1660 Angliae
694 1624 795 1660 reges
825 1624 928 1658 saepe
952 1612 990 1646 in
1013 1611 1138 1658 fugam
1162 1616 1321 1647 armatus
1346 1613 1529 1658 compulit,
1555 1613 1726 1660 Angliam

342 1674 437 1708 ferro
448 1671 659 1716 flammaque
669 1670 837 1711 vastavit,
848 1669 1066 1716 Anglicanos
1079 1669 1254 1704 exercitus
1267 1669 1408 1711 delevit,
1421 1674 1468 1711 et,
1482 1672 1588 1705 semel
1602 1672 1727 1713 dicam,

343 1730 498 1776 Angliae
514 1729 678 1774 imperat.
729 1727 798 1762 Sed
815 1738 854 1762 os
877 1727 1069 1772 impiorum
1094 1726 1180 1761 facit
1204 1727 1300 1772 quod
1323 1728 1422 1768 solet,
1448 1738 1512 1762 nec
1535 1729 1728 1763 verissimis

344 1786 481 1821 Scotiae
498 1796 595 1819 meae
612 1785 776 1819 laudibus
794 1784 1026 1830 praejudicat.
1077 1783 1228 1829 Scripsit
1244 1789 1367 1819 sancta
1383 1784 1470 1819 haec
1487 1785 1590 1832 virgo

492 1842 548 1877 De
564 1841 782 1888 virginitate
799 1841 974 1876 servanda
1229 1841 1290 1875 lib.
1310 1851 1336 1875 1.

491 1898 726 1944 soliloquium
742 1898 896 1932 Animae
1231 1897 1292 1931 lib.
1312 1906 1338 1932 1.

394 1958 476 1997 Quo
492 1961 650 2000 tempore
667 1955 808 1995 vixerit,
831 1965 903 1989 non
925 1953 1149 1999 deprehendi,
1168 1954 1253 1999 quia
1270 1955 1381 1988 altum
1404 1956 1448 1990 de
1471 1967 1512 1990 ea
1533 1956 1628 2000 apud
1645 1966 1726 1990 nos·

345 2019 456 2049 trates
473 2013 661 2058 scriptores
679 2012 871 2046 silentium.
906 2010 930 2044 J
932 2022 1010 2045 oan.
1025 2011 1160 2045 Molan.
1174 2011 1214 2045 in
1226 2010 1432 2056 Appendice
1445 2012 1491 2046 ad
1507 2011 1725 2047 Usuardum.

786 2125 824 2160 S.
848 2124 1148 2160 PALLADIUS.
1200 2127 1283 2163 998.

345 2242 382 2276 S.
415 2241 666 2280 minuamus,
697 2239 834 2284 primus
861 2238 1000 2273 Scotiae
1030 2238 1213 2283 episcopus
1243 2250 1349 2284 quem
1379 2239 1515 2275 Romae
1548 2250 1726 2276 consecra-

346 2305 423 2334 tum
453 2297 660 2342 accepimus,
695 2307 767 2330 non
796 2295 1015 2340 simpliciter,
1045 2295 1220 2340 siquidem
1251 2296 1314 2330 diu
1343 2301 1426 2330 ante
1455 2296 1552 2332 illius
1579 2297 1619 2331 in
1648 2309 1725 2332 eam

346 2356 499 2390 insulam
529 2355 717 2399 appulsum
746 2358 882 2387 certum
914 2356 967 2387 est
994 2352 1116 2386 Scotos
1144 2352 1367 2388 Christianae
1397 2354 1558 2389 veritatis
1591 2355 1725 2389 lumine

347 2414 553 2452 illustratos,
581 2416 616 2446 et
643 2410 723 2446 fidei
748 2410 907 2446 initiatos
930 2409 1167 2444 sacramentis.
1221 2409 1460 2453 Abrahamus,
1486 2415 1521 2446 et
1544 2410 1724 2446 Gotefred.
