2060 2848
303 311 366 341 5586
685 311 917 344 HISTORIA
942 311 1315 344 ECCLESIASTICA

642 463 876 498 JOANNES
901 463 924 497 J
927 463 1209 498 OHNSTOUN
1212 488 1221 497 .
1276 464 1358 500 724.

304 579 497 614 JOANNES
523 579 742 621 Johnstoun,
769 580 928 614 honestis
954 579 1162 624 parentibus
1193 578 1409 625 Edimburgi
1436 584 1554 621 natus,
1586 582 1703 625 patria

304 648 466 683 egressus
484 642 673 683 postquam
692 638 813 672 literas
832 636 983 672 Graecas
1002 642 1037 671 et
1055 636 1204 670 Latinas
1223 636 1415 677 didicisset,
1431 636 1598 672 Societati
1613 638 1636 671 J
1638 649 1700 672 esu

304 705 433 728 nomen
451 695 559 735 dedit,
577 699 612 729 et
629 694 744 729 Duaci
761 694 1023 739 philosophiam
1041 693 1233 738 professus,
1260 693 1439 728 Viennam
1463 693 1633 730 Austriae
1650 697 1703 729 ire

298 752 433 796 jussus,
457 764 498 786 ac
510 752 697 798 juventuti
715 752 1022 786 serenissimorum
1046 752 1277 786 archiducum
1303 752 1538 796 praepositus,
1562 764 1702 787 summa

302 810 420 853 gratia
437 821 458 842 a
480 821 620 843 morum
645 810 803 849 lenitate,
827 813 863 843 et
880 809 1126 843 aestimatione
1149 820 1171 842 a
1192 809 1380 843 literatura
1404 810 1499 854 apud
1523 811 1700 855 principes

302 867 379 900 illos
409 867 687 906 Ferdinandum,
719 878 814 901 nunc
841 867 1103 911 imperatorem,
1133 870 1169 900 et
1199 865 1422 911 Leopoldum
1452 866 1586 902 floruit.
1650 867 1701 902 Et

301 935 381 957 cum
409 924 566 958 instante
592 923 726 958 Jacobo
753 924 947 964 Gordonio,
976 929 1177 970 symmysta
1202 936 1279 965 suo,
1306 936 1327 959 a
1352 930 1454 970 patre
1480 926 1637 972 generali
1664 927 1701 960 in

300 981 454 1015 Scotiam
473 982 723 1023 destinaretur,
743 982 923 1022 haeretiei,
942 982 1088 1016 honoris
1106 982 1267 1024 obtentu,
1292 987 1335 1017 ut
1352 983 1524 1028 principis
1542 984 1598 1018 sui
1616 984 1701 1018 edu-

300 1039 421 1078 catori,
441 1039 486 1072 ad
504 1040 627 1083 epulas
646 1040 892 1079 condixerunt,
911 1044 947 1073 et
963 1051 1007 1073 ne
1027 1039 1063 1074 S.
1083 1039 1129 1074 R.
1150 1039 1194 1073 E.
1212 1040 1308 1084 apud
1326 1051 1409 1075 suos
1428 1041 1623 1085 prodesset,
1642 1053 1701 1075 ve-

300 1101 430 1130 nenata
447 1097 590 1140 potione
608 1108 689 1130 eum
708 1098 943 1138 sustulerunt,
963 1108 1094 1144 magno
1114 1098 1317 1142 principum
1336 1098 1467 1139 dolore,
1486 1110 1550 1132 nec
1568 1099 1699 1133 minori

299 1153 555 1199 indignatione.
609 1154 759 1199 Scripsit

450 1210 494 1245 In
512 1210 744 1246 Aristotelem
762 1212 871 1246 libros
892 1213 1022 1261 plures.

448 1268 504 1303 De
521 1268 807 1314 Anactotrophia
1205 1270 1266 1304 lib.
1286 1280 1311 1304 1.

349 1325 560 1361 Exstinctus
578 1331 630 1361 est
649 1327 716 1361 sub
733 1338 879 1368 annum,
898 1332 939 1362 ut
957 1332 1056 1372 puto,
1078 1337 1178 1362 MDC.

780 1442 816 1476 S.
843 1441 867 1475 J
869 1441 1078 1477 ACOBUS.
1134 1445 1216 1480 725.

299 1557 335 1591 S.
356 1557 379 1590 J
383 1565 548 1597 ACOBUS,
569 1557 774 1601 patriarcha
795 1556 1056 1598 Antiochenus,
1082 1563 1233 1604 martyr,
1260 1559 1399 1593 illustre
1417 1559 1556 1594 Scotiae
1574 1560 1698 1595 sidus:

299 1616 356 1649 hic
382 1615 526 1661 negotia
552 1615 715 1649 ecclesiae
741 1625 826 1648 suae
852 1613 988 1649 Romae
1011 1617 1236 1660 procurabat,
1260 1628 1342 1651 cum
1365 1617 1498 1651 Ursula
1522 1629 1563 1652 eo
1589 1629 1698 1663 appu-

301 1674 366 1714 lit3
392 1672 513 1717 itaque
531 1672 655 1706 divino
671 1673 830 1706 monitus
855 1673 1040 1714 instinctu,
1067 1674 1250 1720 virgineae
1267 1685 1305 1709 se
1322 1675 1459 1709 socians
1485 1679 1636 1716 turmae,
1660 1676 1699 1710 in

303 1730 405 1764 Ubiis
423 1741 556 1770 caesus,
577 1730 621 1764 ad
640 1729 825 1764 Christum
843 1731 1024 1776 migravit.
1078 1730 1206 1766 Petrus
1229 1732 1290 1766 lib.
1317 1741 1373 1766 IX.
1399 1743 1475 1777 cap.
1502 1742 1696 1768 LXXXVII.

301 1788 361 1821 An
380 1787 515 1832 aliquid
533 1787 727 1832 scripserit,
745 1787 1017 1832 incompertum,
1038 1792 1074 1823 et
1090 1800 1163 1823 non
1180 1789 1304 1835 liquet.

353 1845 484 1879 Passus
499 1856 593 1879 anno
606 1853 746 1879 CDLIV.
763 1854 852 1880 XXI.
868 1845 1045 1880 Octobris.
1080 1845 1180 1881 Sedit
1193 1846 1409 1882 Antiochiae
1426 1848 1531 1882 annis
1548 1853 1696 1893 septem.

805 1943 842 1978 S.
869 1943 1052 1980 JOTHA.
1105 1947 1187 1983 725.

300 2021 335 2052 S.
362 2019 502 2052 ιῘΟΤΗΑ
529 2017 721 2058 Ursulana,
748 2018 868 2052 eadem
896 2023 1098 2065 martyrum
1125 2031 1255 2055 corona
1279 2021 1432 2067 insignis
1458 2021 1592 2056 ibidem
1617 2022 1697 2062 loci,

300 2077 518 2122 virginitatis
537 2076 731 2110 servandae
749 2076 874 2110 ardore
892 2076 1045 2117 incensa,
1064 2078 1200 2112 coelum
1220 2078 1363 2119 meruit,
1387 2083 1422 2113 et
1439 2078 1571 2114 ibidem
1590 2080 1696 2114 culta.

301 2133 393 2167 Acta
411 2133 590 2168 Ecclesiae
608 2132 841 2175 Coloniensis,
862 2139 898 2168 et
915 2134 976 2168 alii
994 2135 1186 2182 hagiologi.

813 2232 849 2268 S.
875 2232 1038 2268 JULIA.
1092 2233 1174 2272 726.

301 2308 336 2340 S.
362 2305 489 2339 JULIA
516 2316 560 2340 ex
585 2316 626 2339 ea
651 2305 786 2341 familia
813 2306 950 2342 Scotica
975 2319 1077 2353 quae,
1108 2310 1226 2343 seculo
1252 2314 1457 2345 sanctorum
1487 2310 1613 2350 serame,
1644 2322 1696 2345 re·

300 2364 420 2409 ginam
456 2362 595 2397 Siciliae
628 2363 747 2405 dabat,
784 2364 921 2399 Scotiae
956 2366 1149 2412 episcopos,
1185 2366 1263 2401 Deo
1293 2376 1350 2401 XI.
1387 2368 1483 2402 mille
1517 2379 1598 2402 curn
1633 2369 1696 2402 du-
