2060 2848
461 543 963 600 HISTORIAE
1006 543 1769 600 ECCLESIASTICAE

753 647 1034 698 GENTIS
1072 647 1474 718 SCOTORUM

938 760 1124 801 LIBER
1152 761 1293 802 XVII.

844 894 880 928 S.
908 892 1159 928 SEDULIUS
1184 893 1230 930 E.
1284 896 1392 929 1028.

422 986 458 1020 S.
477 986 658 1020 COELIUS
678 983 855 1019 sedulius.
902 981 995 1017 Vide
1013 992 1122 1027 supra
1137 983 1176 1018 in
1194 994 1279 1018 voce
1296 980 1439 1017 Coelius
1450 983 1511 1018 lib.
1532 992 1593 1018 111.
1644 983 1738 1030 Ejus
1756 995 1816 1019 ex-

419 1043 535 1088 emplo
552 1047 588 1077 et
605 1041 806 1076 imitatione
824 1040 933 1075 libros
957 1050 1041 1074 suos
1064 1039 1108 1073 de
1132 1041 1341 1087 virginitate
1365 1041 1565 1086 composuit
1587 1040 1813 1077 Aldhelmus.

420 1101 520 1135 Beda
543 1100 603 1134 lib.
623 1108 662 1134 V.
688 1099 786 1133 Hist.
804 1097 941 1132 Eccles.
966 1096 1072 1131 Gent.
1090 1096 1243 1144 Anglor.
1262 1109 1338 1142 cap.
1358 1107 1450 1132 xlx.
1495 1099 1614 1143 Opera
1631 1105 1816 1134 enumerat

418 1157 576 1192 Joannes
603 1156 827 1191 Trithemius
846 1154 907 1189 lib.
927 1155 970 1189 de
988 1153 1117 1200 Script.
1136 1154 1344 1190 Ecclesiast.
1362 1166 1446 1202 pag.
1464 1164 1651 1191 ccxxvn.
1670 1168 1691 1190 a
1712 1157 1814 1191 nobis

419 1214 671 1259 praetermissa
683 1224 692 1248 t

567 1271 612 1306 In
629 1271 746 1318 majus
764 1270 800 1305 V
801 1270 944 1305 olumen
962 1270 1139 1304 Prisciani
1360 1270 1422 1305 lib.
1443 1279 1469 1305 1.

568 1328 613 1363 In
631 1329 821 1363 secundam
839 1327 1047 1362 Editionem
1065 1327 1200 1364 Donati
1222 1328 1283 1364 lib.
1304 1338 1331 1364 1.
1356 1333 1540 1375 utcunque
1562 1340 1653 1375 opus
1676 1341 1815 1376 suspec-

616 1392 694 1421 tum
712 1386 814 1426 mihi,
831 1396 916 1419 nam
940 1388 1190 1430 praeterquam
1213 1387 1309 1432 quod
1332 1391 1429 1421 aetas
1452 1398 1526 1421 non
1548 1388 1686 1432 patitur
1711 1393 1753 1422 ut
1778 1389 1816 1423 in

616 1445 696 1479 illos
713 1444 845 1478 scribat
863 1443 1040 1484 Sedulius,
1058 1448 1137 1478 tum
1154 1444 1243 1478 illud
1260 1448 1354 1479 certe
1377 1444 1417 1478 in
1442 1444 1657 1490 antiquitate
1682 1450 1736 1479 est
1761 1446 1816 1480 in-

615 1502 790 1541 auditum,
809 1501 980 1535 secundas
996 1501 1088 1536 ullas
1105 1500 1216 1535 fuisse
1233 1506 1421 1536 auctorum
1439 1502 1623 1537 editiones.
1677 1502 1814 1537 Locum

617 1560 695 1605 ejus
712 1559 773 1593 lib.
793 1567 848 1592 IV.
867 1558 986 1592 Carm.
1005 1558 1048 1592 de
1065 1558 1185 1592 Maria
1201 1557 1363 1604 Virgine,
1381 1570 1472 1604 quae
1489 1559 1606 1603 prima
1629 1559 1814 1594 Christum

615 1617 709 1650 vidit
738 1615 986 1656 resurrexisse,
1009 1615 1195 1660 disputant
1217 1614 1401 1661 Rupertus
1428 1615 1626 1651 Tuitiensis
1651 1616 1713 1651 lib.
1741 1626 1813 1651 vn.

613 1673 831 1708 Divinorum
849 1672 1055 1706 Officiorum
1072 1683 1148 1717 cap.
1167 1681 1269 1707 XXV.
1295 1676 1332 1707 et
1354 1671 1512 1708 Joannes
1531 1672 1676 1709 Hessels
1700 1673 1814 1720 Belga

616 1731 777 1765 Censura
794 1729 1039 1764 Historiarum
1057 1740 1133 1774 cap.
1152 1738 1214 1764 111.

773 1852 808 1886 S.
836 1851 1089 1887 SEGENIUS
1113 1851 1293 1910 ABBAS.
1347 1855 1455 1892 1029.

418 1970 455 2005 S.
475 1970 697 2009 SEGENIUS,
716 1972 925 2002 coaetaneus
951 1966 1083 2001 Erenei
1107 1971 1143 2001 et
1168 1966 1317 2009 Failbei,
1342 1978 1383 2003 ac
1399 1967 1512 2012 ipsius
1530 1966 1650 2003 Sancti
1670 1967 1813 2003 Colum-

417 2029 493 2069 bae,
511 2031 554 2062 ut
570 2030 747 2061 memorat
765 2024 801 2059 S.
820 2024 1058 2059 Adamanuus
1083 2025 1123 2058 in
1147 2023 1234 2059 Vita
1258 2024 1294 2059 S.
1314 2024 1508 2060 Columbae
1525 2036 1600 2070 cap.
1621 2034 1683 2060 111.
1706 2026 1766 2060 lib.
1786 2034 1812 2060 1.

417 2086 539 2120 eodem
556 2085 665 2119 etiam
682 2087 841 2128 tempore
859 2093 930 2127 quo
956 2081 993 2116 S.
1011 2081 1176 2116 Aidanus
1194 2082 1379 2128 episcopus
1403 2082 1647 2124 ordinabatur,
1672 2082 1812 2118 Huensi

416 2142 671 2177 monachorum
690 2139 858 2175 coenobio
880 2144 1055 2185 praeerat.
1106 2139 1207 2173 Beda
1223 2139 1284 2174 lib.
1304 2149 1365 2174 111.
1385 2139 1484 2174 Hist.
1502 2139 1705 2174 Ecclesiast.
1719 2139 1812 2175 Gen-

417 2201 463 2234 tis
480 2199 682 2246 Anglorum
704 2208 779 2242 cap.
800 2205 836 2231 v.
885 2196 1083 2231 Abstinens
1100 2207 1141 2231 ac
1157 2207 1240 2231 vere
1258 2197 1339 2242 pius
1358 2197 1468 2232 audit.
1516 2196 1620 2231 Joan.
1645 2196 1813 2231 Leslaeus

417 2257 478 2292 lib.
499 2265 552 2291 1v.
571 2267 653 2303 pag.
673 2263 817 2290 chm.
856 2253 951 2301 Ejus
970 2258 1057 2289 sunt
1073 2255 1188 2290 multa
1204 2255 1299 2301 apud
1317 2254 1489 2289 Balaeum
1509 2264 1626 2299 opera,
1645 2254 1731 2289 etin
1745 2254 1813 2296 his,

566 2313 727 2359 Regulae
746 2313 791 2347 ad
809 2312 1005 2347 Monachos
1356 2311 1417 2346 lib.
1437 2320 1463 2345 Ι.

566 2370 751 2416 Epistolae
769 2370 814 2404 ad
831 2370 991 2405 diversos
1359 2368 1419 2403 lib.
1440 2376 1465 2402 1.
