2060 2848
676 296 852 330 GENTIS
877 296 1152 334 SCOTORUM,
1177 296 1266 328 LIB.
1293 296 1355 327 XI.
1646 294 1706 325 431

324 393 506 432 habeatur,
525 392 655 426 ibidem
674 391 781 424 etiam
799 390 972 434 martyrio
989 393 1188 423 coronatus.
1241 389 1380 423 Extant
1398 394 1476 423 aeta
1501 390 1596 433 apud
1624 388 1709 422 Phi-

326 450 463 493 lippum
482 449 712 488 Ferrarium3
739 459 845 492 opera
863 447 1038 480 interiere.

375 506 517 540 Floruit
534 517 626 539 anno
645 514 756 539 DCIX.
776 505 849 538 dies
868 509 921 538 est
938 504 1104 537 incertus.
1162 503 1272 537 Plura
1290 502 1326 537 S.
1346 503 1552 537 Bonifacius
1569 504 1608 537 in
1625 502 1710 537 Vita

325 562 361 596 S.
380 563 504 597 Livini
522 562 786 607 archiepiscopi.

806 676 841 710 S.
869 674 1096 709 LIBARIA.
1150 677 1231 713 795.

326 793 361 826 S.
381 791 570 832 LIBAR1A‚
589 792 666 825 aliis
685 790 841 830 Liberta,
866 797 902 823 et
926 790 1107 823 nonnullis
1125 789 1300 829 Libraria,
1321 791 1474 824 secunda
1491 801 1591 824 soror
1609 802 1627 824 e
1645 791 1708 824 tri-

326 849 392 883 bus
409 853 608 892 martyrum
626 848 862 892 pretiosorum
881 846 942 880 SS.
962 845 1100 890 Eliphii
1114 853 1149 880 et
1163 846 1334 880 Eucharii
1348 858 1357 887 ;
1385 848 1463 891 ipsa
1480 858 1564 881 vero
1583 852 1604 866 “
1618 859 1710 881 mar-

326 912 385 951 tyr
402 906 497 950 apud
514 905 692 939 civitatem
712 905 853 938 nomine
871 903 1050 937 Grandem
1063 904 1091 937 :''
1117 905 1234 938 nescio
1247 915 1293 938 an
1310 915 1382 938 non
1403 902 1622 938 Gandavum
1640 905 1709 949 legi

326 963 472 1003 debeat3
491 973 573 996 nam
591 974 632 996 eo
650 962 841 1007 Belgarum
862 965 978 994 tractu
995 966 1031 994 et
1056 961 1159 1006 virgo
1184 972 1288 1005 passa
1313 963 1537 1006 martyrium,
1560 968 1595 997 et
1612 964 1711 1009 regia

326 1021 457 1054 ducum
483 1019 716 1065 Burgundiae
741 1023 818 1052 est:
854 1018 957 1052 aliter
981 1022 1100 1051 tamen
1127 1018 1285 1052 Ortelius
1311 1019 1468 1053 censuit:
1508 1024 1529 1039 “
1556 1020 1709 1054 Grandis

326 1076 461 1110 Galliae
491 1076 645 1109 civitatis
675 1086 803 1109 nomen
828 1076 866 1108 in
892 1075 968 1108 vita
995 1074 1031 1108 S.
1057 1074 1197 1119 Eliphii
1223 1077 1416 1120 martyris:
1443 1076 1536 1110 circa
1561 1077 1708 1111 Tullum

328 1134 412 1167 est.’⁷
455 1132 525 1172 Tu,
539 1134 659 1173 lector,
673 1132 806 1178 judica.
849 1130 942 1165 Acta
956 1132 1107 1177 virginis
1125 1133 1276 1176 petenda
1292 1145 1336 1166 ex
1347 1132 1434 1166 Vita
1450 1133 1584 1174 fratris,
1602 1146 1710 1179 quam

326 1191 467 1235 scripsit
486 1190 668 1233 Rupertus
688 1189 886 1223 Tuitiensis
905 1188 1012 1222 abbas
1034 1190 1079 1223 ad
1103 1189 1286 1224 Albanum
1312 1189 1348 1223 S.
1368 1189 1519 1224 Martini
1543 1190 1710 1225 Coloniae

326 1247 511 1282 Scotorum
530 1247 704 1287 abbatem,
723 1258 798 1291 cap.
818 1256 844 1280 1.
862 1257 970 1291 quam
987 1258 1032 1280 ex
1049 1257 1089 1280 eo
1106 1247 1231 1281 recitat
1249 1246 1375 1281 Surius
1393 1252 1479 1281 tom.
1499 1256 1535 1281 V.
1554 1248 1610 1282 die
1625 1257 1708 1282 XVI.

325 1305 501 1338 Octobris.

375 1361 487 1395 Passa
512 1366 566 1395 est
593 1361 807 1405 martyrium
837 1362 939 1405 virgo
969 1360 1136 1394 innocens
1162 1361 1229 1395 sub
1253 1361 1398 1395 Juliano
1423 1355 1593 1406 parabata
1618 1374 1710 1397 anno

327 1427 459 1453 cexcl.
512 1418 652 1453 Colitur
670 1417 768 1451 Tulli
786 1418 843 1451 die
861 1426 949 1451 XIX.
968 1417 991 1450 J
993 1418 1145 1451 anuarii.
1186 1417 1279 1452 Acta
1295 1419 1372 1452 loci.
1409 1418 1659 1454 Demochares.

859 1531 894 1565 S.
922 1531 1038 1565 LUA.
1091 1530 1173 1569 796.

325 1649 360 1682 S.
388 1648 489 1687 LUA‚
516 1647 594 1681 aliis
618 1646 778 1684 Luanus,
805 1645 998 1679 monachus
1024 1645 1278 1680 Benedictinus
1304 1647 1441 1688 Scotus,
1465 1649 1552 1682 civis
1577 1660 1616 1682 ac
1642 1650 1710 1683 dis-

325 1706 474 1749 cipulus,
506 1709 541 1738 et
570 1703 865 1748 peregrinationis
900 1703 1111 1746 apostolicae
1145 1703 1180 1737 S.
1221 1703 1432 1738 Columbani
1467 1705 1562 1740 Scoti
1599 1709 1709 1751 parti—

326 1774 417 1807 ceps,
434 1767 477 1796 ut
494 1762 589 1795 illius
607 1760 719 1794 sancti
743 1761 813 1794 viri
837 1761 912 1794 vita
935 1760 1046 1794 docet.
1099 1760 1171 1794 Hic
1187 1772 1208 1794 a
1225 1766 1345 1801 nauta,
1368 1768 1552 1806 praesente
1578 1766 1709 1809 magis-

326 1828 393 1859 tro,
418 1829 616 1863 percussus,
646 1818 742 1861 quod
771 1818 930 1863 graviter
960 1817 1199 1852 Columbanus
1226 1819 1320 1858 tulit,
1346 1819 1456 1853 Jonas
1483 1831 1557 1864 cap.
1585 1830 1707 1855 XXIII.

326 1882 431 1921 atque
448 1877 514 1910 hoc
531 1880 648 1909 actum
666 1875 704 1908 in
722 1874 861 1920 Ligeris
879 1875 968 1918 ripa,
987 1879 1068 1918 post
1085 1875 1231 1909 exilium
1249 1875 1542 1921 Burgundicum3
1570 1889 1613 1911 ex
1638 1890 1709 1922 quo

327 1934 505 1978 colligitur
537 1933 640 1966 domo
674 1931 819 1965 Scotum
852 1931 972 1972 fuisse,
1008 1942 1091 1965 nam
1126 1931 1285 1966 Lexovio
1319 1944 1399 1967 cum
1433 1934 1494 1967 illo
1532 1935 1708 1969 discedere

327 2001 431 2024 nemo
447 2000 583 2034 passus,
601 1989 670 2022 nisi
694 1989 756 2033 qui
778 2001 797 2022 e
823 1988 941 2022 Scotia
965 2000 1038 2022 una
1062 1989 1227 2028 venisset,
1253 1989 1346 2023 idem
1371 1989 1481 2024 Jonas
1508 2002 1582 2035 cap.
1602 2000 1707 2026 XXII.

329 2047 399 2081 Hic
418 2048 462 2080 ad
480 2046 763 2080 Benchorensem
782 2046 899 2079 sedem
917 2056 957 2079 ac
977 2046 1242 2086 monasterium,
1269 2047 1380 2080 servis
1398 2046 1467 2081 Dei
1485 2049 1708 2091 populatissi-

327 2115 436 2143 mum,
455 2103 640 2137 Scotorum
657 2103 695 2135 in
718 2102 893 2136 Hibernia
910 2103 1094 2143 coloniam,
1117 2113 1291 2143 reversus,
1317 2108 1358 2137 ut
1383 2110 1529 2148 apparet
1554 2117 1598 2138 ex
1623 2105 1709 2140 Vita

327 2162 362 2195 S.
391 2161 587 2195 Malachiae
610 2171 632 2193 a
655 2159 750 2192 Divo
781 2159 965 2193 Bernardo
991 2160 1176 2204 descripta.
1229 2160 1373 2194 Scotum
1399 2165 1517 2195 autem
1545 2162 1640 2202 facit,
1666 2169 1707 2197 ut

327 2224 442 2252 cetera
469 2217 642 2256 omittam,
671 2217 746 2260 ipse
771 2216 882 2250 Jonas
909 2227 984 2260 cap.
1014 2225 1101 2250 XIX.
1128 2216 1234 2251 Vitae
1259 2217 1491 2259 Columbani3
1519 2231 1600 2254 nam
1627 2232 1707 2255 cum

327 2276 364 2309 in
394 2275 547 2319 patriam
578 2275 635 2307 vir
665 2278 808 2308 sanctus
834 2285 913 2306 cum
942 2274 1123 2318 discipulis
1153 2275 1226 2308 suis
1256 2275 1370 2309 redire
1394 2282 1545 2320 pararet,
1571 2278 1708 2313 oblatae

328 2338 411 2367 sunt
445 2333 513 2376 ipsi
548 2343 655 2365 naves
690 2331 912 2365 commodum
947 2336 1077 2364 me'rces
1108 2330 1261 2366 Scoticas
1291 2332 1454 2373 ferentes,
1490 2335 1584 2379 quod
1618 2336 1708 2369 mire

328 2390 487 2424 animum
524 2388 769 2429 confirmavit;
805 2399 845 2422 ac
878 2393 955 2422 tum
991 2389 1191 2432 apostolatu
1220 2389 1342 2424 relicto
1371 2392 1608 2435 repatriasset,
1638 2393 1707 2426 nisi
