2060 2848
372 301 436 331 504
759 298 991 331 HISTORIA
1015 297 1392 331 ECCLESIASTICA

372 400 413 428 ut
437 395 573 428 decimo
599 393 706 427 tertio
733 394 789 427 die
816 394 892 438 ipse
918 393 1083 427 Novatus
1110 393 1167 427 vir
1197 392 1266 426 Dei
1296 393 1466 427 transiret
1493 393 1539 426 ad
1564 391 1773 433 Dominum,

373 452 475 498 regni
502 451 662 485 coelestis
686 451 838 497 gloriam
856 451 1119 495 percepturus.''
1171 450 1271 489 Quae
1290 450 1397 484 verba
1415 461 1456 484 eo
1476 450 1657 484 lubentius
1675 454 1774 484 tran-

374 508 499 553 scripsi
528 519 600 553 quo
627 519 735 542 aurea
761 508 823 541 illa
849 507 979 541 amoris
1007 507 1204 541 Christiani
1230 508 1268 541 in
1294 512 1460 542 nascente
1487 508 1632 542 ecclesia
1658 508 1773 551 pietas

374 566 608 610 exprimatur,
629 570 664 599 et
681 566 799 600 nescio
818 576 864 599 an
882 565 966 598 alibi
985 568 1059 598 tam
1078 565 1249 609 apposite.

423 622 483 656 Ad
506 622 692 656 Novatum
719 623 835 663 redeo,
863 622 966 667 cujus
992 621 1151 656 thermae
1173 622 1212 656 in
1236 622 1409 657 Viminali
1427 633 1467 656 ea
1485 626 1696 666 tempestate
1716 633 1776 656 su-

372 681 520 714 mendae
546 691 665 713 sacrae
688 680 816 724 synaxi
835 678 1106 719 deserviebant;
1134 691 1225 723 quae
1249 685 1283 713 et
1309 679 1568 713 Timotheanae
1587 680 1695 713 etiam
1714 690 1774 713 vo-

372 742 481 777 catae,
502 748 523 770 a
540 736 651 770 fratre
665 737 777 781 ipsius
792 737 828 770 S.
845 735 1049 769 Timotheo.
1099 735 1264 780 Denique
1282 736 1520 770 clarissimum
1539 735 1675 770 Novati
1692 736 1775 776 fuit,

372 795 576 838 principatu
595 793 761 832 Neronis,
780 804 920 827 nomen.
974 792 1142 826 Meminit
1161 792 1204 826 L.
1224 792 1356 826 Seneca
1373 792 1433 826 lib.
1453 793 1496 826 de
1520 792 1701 826 Consolat.
1730 794 1774 826 ad

374 851 560 890 Marciam,
587 855 623 883 et
649 850 763 883 eidem
791 854 862 883 tres
888 849 997 883 libros
1024 849 1068 882 de
1091 849 1151 882 Ira
1173 849 1268 883 idem
1286 849 1328 883 L.
1355 849 1487 883 Seneca
1513 850 1707 894 inscripsit,
1733 855 1775 884 ut

375 908 563 942 historicos
590 907 842 941 ecclesiasticos
869 907 1005 941 sileam.
1057 905 1259 940 Videantur
1282 906 1378 941 infra
1404 906 1440 941 S.
1461 907 1674 941 Timotheus
1699 907 1776 953 ejus

374 966 498 1005 frater,
519 964 581 998 88.
601 964 827 998 Pudentiana
845 968 880 998 et
899 964 1079 998 Praxedes
1097 975 1248 998 sorores.

422 1022 592 1056 Florebat
611 1021 704 1055 circa
722 1032 856 1056 annum
876 1030 993 1056 LXXI.

788 1136 824 1170 S.
853 1135 1225 1171 NETHALENUS.
1279 1136 1362 1175 956.

374 1252 409 1285 8.
441 1253 746 1291 NETHALENUS,
776 1256 839 1285 aut
867 1250 1090 1285 Nethalenus
1117 1252 1302 1296 episcopus
1330 1257 1366 1287 et
1394 1253 1584 1293 confessor,
1611 1265 1704 1288 unus
1731 1266 1774 1288 ex

373 1310 499 1353 primis
533 1310 595 1354 qui
628 1309 723 1343 vitae
754 1309 990 1343 sanctimonia
1021 1319 1234 1353 morumque
1264 1309 1473 1356 integritate
1505 1316 1540 1345 et
1572 1311 1776 1346 innocentia

375 1367 528 1401 ecclesiis
547 1366 767 1400 nostratibus
785 1366 1054 1409 praeluxerunt,
1073 1366 1215 1410 scripsit

523 1423 693 1457 Manuale
712 1422 828 1456 Officii
847 1422 961 1456 divini
1271 1424 1333 1459 lib.
1353 1434 1379 1458 Ι.

522 1480 578 1514 De
596 1480 774 1525 Mysterio
792 1479 1055 1514 Incarnatiouis
1274 1482 1335 1516 lib.
1356 1491 1382 1516 Ι.

523 1538 578 1571 De
599 1537 773 1571 Articulis
792 1537 895 1570 Fidei
1275 1539 1335 1573 lib.
1356 1548 1381 1572 Ι.

526 1595 582 1628 De
599 1594 714 1628 Donis
733 1594 889 1638 Spiritus
907 1594 1029 1628 Sancti
1274 1596 1335 1630 lib.
1356 1605 1382 1630 Ι.

525 1651 586 1685 Ad
604 1651 727 1685 Rudes
746 1650 957 1696 Neophytos
992 1652 1052 1686 lib.
1075 1661 1100 1686 Ι.
1139 1652 1239 1692 Quae
1257 1654 1378 1687 omnia
1395 1653 1440 1687 ab
1457 1654 1577 1699 impiis
1591 1656 1776 1692 haereticis

575 1709 730 1743 flammis
753 1709 887 1743 tradita
907 1709 1111 1755 religiosam
1135 1710 1350 1744 sanctissimi
1370 1712 1543 1746 antistitis
1567 1715 1775 1749 memoriam

575 1777 686 1810 paene
710 1766 971 1806 exstinxerunt,
996 1766 1066 1800 nisi
1091 1778 1176 1801 cura
1194 1768 1379 1801 doctorum
1399 1770 1636 1812 quorundam,
1661 1777 1696 1806 et
1718 1783 1779 1816 pa-

576 1823 667 1858 triae
685 1823 884 1856 amantium
908 1824 1080 1865 virorum,
1107 1824 1223 1869 apices
1248 1826 1375 1859 saltem
1401 1837 1548 1870 operum
1567 1828 1611 1862 ab
1628 1829 1778 1864 interitu

577 1880 803 1914 vindicasset.

428 1939 596 1973 Florebat
613 1949 707 1972 anno
726 1946 901 1971 CCCCLII.
937 1938 1079 1973 Colitur
1096 1939 1153 1973 die
1171 1948 1261 1973 V111.
1279 1939 1303 1973 J
1305 1951 1429 1975 anuar.
1467 1941 1630 1978 Breviar.
1650 1944 1775 1979 Scotic.

875 2052 910 2086 N
914 2052 1142 2088 ICOLAUS.
1196 2057 1279 2092 957.

383 2175 402 2189 ‘⁵
422 2169 634 2203 NICOLAUS
653 2168 916 2208 Deidonanus,”
934 2169 986 2203 ait
1004 2168 1108 2203 Hect.
1129 2169 1256 2204 Boeth.
1276 2171 1337 2206 lib.
1359 2181 1464 2206 XVII.
1494 2172 1590 2207 Hist.
1619 2173 1711 2208 Scot.
1739 2176 1776 2209 in

382 2227 462 2264 fine,
493 2231 514 2246 “
536 2226 783 2270 praedicatorii
809 2226 968 2260 instituti
1004 2227 1071 2266 vir,
1100 2227 1278 2268 Coloniae,
1308 2229 1369 2263 ubi
1396 2230 1515 2273 plures
1542 2241 1653 2266 annos
1680 2232 1778 2267 theo-

383 2284 514 2329 logiam
533 2283 650 2316 fuerat
667 2283 858 2326 professus,
878 2283 962 2318 fatis
981 2284 1223 2328 absumptus.''
1274 2285 1401 2320 Edidit

530 2340 680 2374 Modum
699 2340 958 2384 interpretandi
976 2352 1093 2374 sacras
1112 2341 1315 2387 Scripturas
1421 2344 1481 2377 lib.
1503 2353 1528 2377 Ι.

531 2397 586 2431 De
605 2396 846 2432 Conciliorum
864 2397 1094 2432 Auctoritate
1422 2401 1482 2435 lib.
1504 2410 1528 2435 Ι.
