2060 2848
678 297 852 331 GENTIS
875 297 1151 337 SCOTORUM,
1173 297 1262 330 LIB.
1283 297 1377 330 xvl.
1660 296 1723 328 575

789 445 1117 481 ROMUALDUS.
1170 448 1277 481 1084.

340 561 606 595 ROMUALDUS
636 560 717 605 quis
746 559 865 599 fuerit,
895 563 958 594 aut
986 559 1060 600 ubi,
1089 570 1204 604 quave
1235 558 1329 592 vitae
1355 558 1554 593 conditione
1578 557 1718 598 vixerit,

338 617 428 651 mihi
455 617 743 662 inexploratum3
770 620 911 651 tantum
936 616 974 649 id
999 620 1148 657 constat,
1173 614 1319 649 Scotum
1344 614 1461 649 vocari
1489 614 1533 648 ab
1561 614 1719 649 Antonio

343 672 537 709 Possevino
553 673 729 719 Apparat.
747 673 844 707 Sacr.
862 683 944 719 pag.
962 681 1084 707 chv.
1102 677 1138 706 et
1154 671 1334 716 scripsisse

485 730 540 765 De
557 731 676 765 Morte
694 730 831 765 Mariae
848 729 1013 764 Stuartae
1030 729 1188 775 Reginae
1205 727 1390 763 Scotorum
1407 728 1468 762 lib.
1488 738 1513 763 1.
1565 728 1664 773 Opus
1684 729 1720 762 iu

535 798 662 821 manus
679 798 774 822 meas
791 787 906 821 adhuc
922 798 993 821 non
1010 785 1184 831 pervenit,
1206 795 1270 818 nec
1291 784 1375 820 alibi
1394 785 1470 831 ejus
1491 796 1620 819 nomen
1638 786 1721 819 cele-

535 844 632 878 brari
649 849 749 889 puto.

389 901 531 935 Floruit
548 911 642 934 anno
660 908 918 935 MDLxxxvn.
936 910 978 934 eo
994 899 1090 933 enim
1114 909 1207 934 anno
1233 898 1537 933 Christianissima
1561 903 1597 933 et
1620 909 1720 933 sanc-

341 958 478 992 tissima
494 957 627 991 femina
648 957 706 992 sui
729 957 849 997 seculi,
872 961 908 992 et
930 967 1035 991 sexus
1051 956 1168 996 decus,
1193 956 1233 990 in
1257 955 1470 990 inhumanae
1495 954 1647 990 haeresis
1674 956 1723 989 la-

339 1014 444 1048 niena
461 1018 625 1048 mactata.

757 1127 1076 1163 ROSCELINUS
1101 1126 1147 1161 1⁴3.
1201 1129 1307 1161 1085.

344 1242 618 1282 ROSCELINUS,
643 1241 719 1276 sive
744 1241 948 1282 Rozelinus,
977 1246 1041 1276 aut
1065 1241 1271 1282 Rucelinus,
1298 1242 1342 1276 de
1366 1252 1437 1286 quo
1460 1241 1627 1286 anonymi
1653 1241 1724 1276 his-

339 1299 441 1333 torici
472 1298 713 1345 fragmentum
746 1310 769 1332 a
801 1298 959 1333 Roberto
993 1298 1039 1332 ad
1072 1302 1224 1333 mortem
1259 1298 1417 1342 Philippi
1447 1298 1476 1332 Ι.
1528 1303 1550 1318 “
1577 1298 1620 1332 In
1650 1299 1722 1332 dia-

341 1356 462 1390 lectica
491 1366 632 1400 quoque
657 1355 696 1389 hi
725 1359 887 1400 potentes
917 1354 1114 1389 extiterunt
1142 1355 1342 1399 sophistae3
1372 1355 1396 1388 J
1398 1366 1527 1389 oannes
1553 1356 1614 1399 qui
1643 1367 1724 1390 ean-

340 1411 419 1445 dem
454 1415 568 1445 artem
598 1410 829 1455 sophisticam
859 1411 1015 1444 vocalem
1045 1422 1120 1446 esse
1149 1412 1326 1451 disseruit,
1358 1412 1535 1446 Robertus
1570 1412 1723 1446 Parisia-

340 1467 463 1508 censis,
496 1467 705 1501 Roscelinus
735 1466 1037 1511 Compendiensis‚
1068 1467 1280 1512 Arnulphus
1307 1467 1586 1503 Laudunensis.'’
1637 1468 1723 1503 Fuit

339 1535 424 1570 ergo
449 1524 506 1558 hic
529 1524 716 1568 episcopali
743 1523 917 1569 dignitate
941 1523 1124 1565 subli‘mis;
1152 1536 1261 1570 quam
1282 1525 1327 1560 ob
1352 1536 1493 1560 causam
1519 1531 1582 1560 aut
1606 1538 1627 1560 a
1651 1537 1722 1570 quo

339 1586 492 1620 evectus,
514 1592 587 1615 non
609 1580 834 1624 deprehendi.
893 1579 1049 1616 Joannes
1065 1581 1268 1616 Aventinus
1290 1582 1351 1617 lib.
1371 1591 1424 1616 vl.
1442 1581 1574 1616 Annal.
1601 1582 1720 1617 Boior.

341 1642 362 1657 “
382 1637 449 1671 His
467 1648 608 1682 quoque
626 1636 843 1681 temporibus
866 1637 1003 1681 reperio
1026 1638 1239 1673 Rucelinum
1262 1638 1488 1679 Britannum,
1513 1639 1724 1684 magistrum

342 1694 441 1728 Petri
467 1692 650 1734 Abelardi,
673 1694 758 1728 novi
788 1692 898 1738 Lycei
923 1694 1164 1736 conditorem3
1199 1695 1261 1740 qui
1290 1695 1426 1741 primus
1455 1696 1637 1730 scientiam
1667 1706 1724 1730 vo-

340 1762 420 1784 cum
450 1750 525 1784 sive
554 1750 750 1784 dictionum
779 1750 948 1790 instituit,
978 1761 1107 1785 novam
1140 1751 1413 1797 philosophandi
1447 1752 1542 1786 viam
1576 1753 1722 1792 invenit,

340 1819 381 1840 eo
418 1817 570 1851 namque
606 1812 747 1841 auctore
787 1806 859 1841 duo
896 1805 1204 1841 Aristotelicorum
1244 1808 1558 1852 Peripateticorum
1595 1820 1723 1854 genera

340 1875 415 1898 esse
444 1867 656 1908 coeperunt3
686 1874 799 1897 unum
830 1862 919 1896 illud
950 1867 1064 1903 vetus,
1101 1865 1255 1908 locuples
1290 1865 1329 1898 in
1356 1864 1460 1898 rebus
1487 1866 1721 1908 procreandis,

341 1920 435 1964 quod
465 1920 647 1953 scientiam
677 1919 744 1954 sibi
771 1929 891 1953 rerum
919 1919 1091 1959 vendicat,
1118 1920 1347 1964 quamobrem
1372 1920 1498 1954 Reales
1526 1926 1720 1961 vocantur;

342 1978 492 2011 alterum
530 1987 675 2016 novum,
714 1975 808 2020 quod
842 1986 918 2009 eam
955 1975 1132 2016 distrahit,
1169 1975 1375 2011 Nominales
1408 1977 1486 2011 ideo
1519 1978 1724 2021 nuncupati,

341 2033 436 2077 quod
465 2033 563 2067 avari
595 2043 723 2072 rerum,
762 2032 945 2066 nominum
982 2032 1122 2077 prodigi
1158 2037 1264 2077 atque
1301 2034 1497 2073 notionum,
1537 2033 1724 2068 verborum

342 2090 509 2123 videntur
534 2099 608 2123 esse
634 2087 860 2123 assertores.”
910 2087 1106 2122 Britannus
1124 2089 1175 2122 illi
1193 2094 1246 2123 est
1263 2090 1325 2133 qui
1346 2100 1469 2124 revera
1491 2089 1616 2124 Scotus
1641 2089 1722 2130 fuit,

343 2153 377 2180 et
395 2145 560 2179 Lutetiae
585 2156 725 2179 summa
740 2145 875 2190 ingenii
901 2144 1100 2179 celebritate
1125 2150 1238 2180 sectae
1263 2146 1357 2180 illius
1382 2146 1620 2180 nobilissimae
1645 2146 1725 2181 fun-

344 2203 446 2237 dator
459 2199 554 2237 'fuit.
603 2201 792 2236 Fordunus
816 2201 955 2240 diserte,
979 2205 1015 2234 et
1035 2200 1218 2245 Epistolae
1243 2202 1340 2237 Petri
1366 2202 1548 2242 Abelardi‚
1574 2203 1635 2247 qui
1661 2215 1724 2248 pu-

347 2264 444 2293 tatur
469 2270 593 2303 parum
618 2269 740 2292 sanam
766 2258 962 2292 doctrinam
988 2268 1032 2291 ex
1057 2268 1098 2291 eo
1122 2258 1291 2299 hausisse,
1318 2269 1402 2293 nam
1427 2259 1520 2293 hunc
1544 2261 1723 2294 “insanas

344 2326 425 2350 suas
463 2315 655 2350 sententias
693 2326 799 2360 super
834 2314 1058 2350 Christianae
1092 2314 1171 2349 fidei
1212 2315 1369 2350 articulis
1407 2315 1622 2350 defendisse”
1659 2317 1723 2350 cri-
