2060 2848
419 309 484 343 578
803 308 1036 343 HISTORIA
1060 308 1434 344 ECCLESIASTICA

426 405 515 439 tioni
541 404 803 450 philosophiam
829 405 1027 452 adjecisset,
1054 405 1153 441 venit
1177 405 1217 441 in
1241 404 1490 452 Aquitaniam,
1517 410 1553 442 et
1580 408 1737 443 maxima
1762 419 1823 444 no-

423 462 531 496 minis
571 462 774 497 celebritate
813 462 1037 510 Burdegalae
1077 474 1118 498 ac
1154 462 1306 499 Tolosae
1343 464 1572 500 humaniores
1617 466 1738 501 literas
1782 478 1822 501 ac

425 518 688 565 philosophicas
718 524 772 555 est
805 520 999 566 professus,
1029 521 1244 556 suavissima
1278 532 1420 557 morum
1455 522 1675 558 continentia
1713 524 1824 558 scien-

429 576 499 611 tias
526 588 715 612 exornans.
770 577 921 623 Scripsit
950 579 1075 620 multa,
1104 590 1170 626 ego
1198 579 1315 624 apices
1344 590 1538 625 paucorum
1569 580 1668 622 vidi;
1700 581 1737 615 in
1767 581 1823 615 his

426 639 533 670 sunt:

573 692 629 727 De
647 692 878 738 Philosophia
894 692 1069 727 Veterum
1317 692 1379 728 lib.
1399 702 1426 727 1.

571 750 790 796 Aquitaniae
806 750 1057 795 Antiquitates
1318 750 1380 785 lib.
1399 759 1426 785 1.
1445 761 1536 796 opus
1553 751 1770 787 laboriosum
1788 758 1823 787 et

620 808 784 842 secundis
801 807 919 842 Musis
936 811 1075 841 natum.

570 865 739 900 Carmina
755 865 871 899 multa
1322 864 1384 899 lib.
1404 872 1430 899 1.
1482 864 1527 899 In
1539 864 1598 901 his
1610 870 1665 901 est
1676 866 1822 911 inscrip-

619 921 671 957 tio
689 921 866 957 Praetorii
884 920 1067 956 Tolosani.

725 986 786 1015 Pax
798 985 884 1020 bello,
898 990 965 1024 toga
977 995 1052 1025 pura
1064 994 1140 1024 sago,
1154 984 1226 1024 quid
1239 984 1339 1020 distet,
1353 990 1384 1016 et
1397 986 1494 1021 armis,

765 1033 878 1062 Iudicat
892 1032 945 1062 hoc
958 1033 1050 1062 almae
1063 1033 1159 1062 nobile
1172 1032 1251 1072 pacis
1264 1042 1344 1072 opus.

472 1099 575 1134 Vivit
588 1099 705 1133 adhuc
718 1098 880 1140 Tolosae,
895 1098 1071 1144 Squillani
1085 1098 1206 1144 Lycei,
1224 1103 1266 1133 ut
1284 1098 1401 1140 audio,
1419 1099 1643 1141 moderator3
1663 1100 1706 1134 de
1719 1100 1820 1146 cujus

423 1156 621 1191 eruditione
635 1161 670 1192 et
683 1157 918 1196 humanitate,
932 1167 1013 1190 cum
1026 1156 1141 1191 multa
1159 1156 1294 1197 dixero,
1313 1157 1417 1201 plura
1435 1156 1584 1191 dicenda
1597 1157 1820 1202 praeteriisse

422 1213 598 1249 censebor.

841 1327 1007 1365 DAVID
1032 1326 1236 1363 REIDUS.
1289 1329 1398 1366 1094.

418 1446 558 1480 DAle
577 1446 712 1481 Reidus
729 1445 1021 1486 Dumblanensis,
1039 1447 1075 1479 et
1097 1443 1301 1478 studiorum
1326 1443 1365 1477 in
1388 1441 1508 1478 Scotia
1533 1448 1569 1479 et
1591 1444 1819 1489 professionis

420 1504 552 1550 collega
583 1504 701 1550 Regii,
732 1504 911 1539 honorum
943 1503 1053 1537 etiam
1081 1501 1271 1546 particeps,
1300 1505 1336 1535 et
1365 1500 1588 1536 humanioris
1614 1502 1819 1537 literaturae

419 1562 552 1602 doctor,
571 1562 714 1606 scripsit

566 1618 852 1653 Declamationes
870 1616 983 1652 veteri
1000 1616 1076 1651 ritu
1314 1615 1375 1650 lib.
1397 1624 1422 1649 1.

567 1675 703 1710 Contra
728 1675 753 1709 J
755 1675 874 1709 ezabel
903 1674 1144 1720 Anglicanam
1170 1683 1235 1717 pro
1263 1672 1498 1707 Serenissima
1528 1671 1647 1708 Maria
1673 1672 1819 1709 Stuarta

616 1732 803 1767 Scotorum
821 1732 964 1778 Regina
980 1731 1089 1775 impie
1106 1733 1262 1764 mactata
1315 1729 1377 1764 lib.
1397 1738 1423 1764 1.

569 1790 758 1829 Querelam
776 1790 821 1823 ad
843 1788 1012 1833 Europae
1038 1787 1224 1832 Principes
1250 1798 1358 1832 super
1384 1786 1635 1822 Sanctissimae
1659 1787 1819 1835 Reginae

616 1847 736 1881 Morte
753 1846 891 1880 nefaria
1314 1845 1375 1879 lib.
1396 1854 1422 1879 1.

468 1904 629 1940 Docendi
658 1915 789 1939 munus
820 1903 931 1938 subiit
958 1913 1053 1937 anno
1087 1909 1334 1937 MDLXXXVI.
1365 1902 1510 1947 quando
1539 1901 1677 1944 obierit,
1707 1902 1818 1937 incer-

418 1967 507 1997 tum.

811 2076 835 2110 J
838 2074 946 2110 OAN
947 2074 1017 2110 NE
1023 2074 1048 2109 S
1074 2073 1256 2110 RAYUS.
1311 2076 1418 2113 1095.

421 2190 445 2224 J
449 2199 615 2226 OANNES
642 2191 780 2237 Rayus,
806 2190 1106 2237 Edimburgensis
1134 2190 1275 2225 scholae
1301 2190 1453 2237 triginta
1477 2200 1588 2236 paene
1615 2190 1718 2225 annis
1743 2201 1816 2224 mo-

421 2249 573 2289 derator,
603 2249 748 2295 linguae
776 2248 931 2283 Graecae
961 2252 997 2282 et
1027 2248 1179 2283 Latinae
1208 2248 1459 2292 peritissimus,
1487 2247 1720 2292 multiplicem
1750 2247 1817 2282 lec·

420 2305 553 2340 tionem
579 2306 717 2352 judicio
747 2306 918 2341 acerrimo
945 2305 1254 2350 circumspectans,
1288 2309 1502 2349 temperans,
1530 2304 1672 2350 scripsit
1704 2305 1814 2346 varia,

419 2363 480 2398 sed
497 2363 542 2397 ad
560 2373 616 2397 me
633 2374 827 2408 paucorum
844 2363 961 2409 apices
977 2367 1219 2408 pervenerunt
1234 2372 1243 2396 :
1269 2362 1343 2397 vidi
1361 2366 1481 2397 tamen
