2118 2854
723 291 900 326 GENTIS
924 288 1203 329 SCOTORUM‚
1227 288 1318 321 LIB.
1343 289 1440 321 VIII.
1720 288 1784 320 347

829 440 1205 477 HARTMANNUS.
1256 439 1339 479 659.

390 561 700 600 HARTMANNUS‚
719 558 786 593 sub
804 557 840 592 S.
861 556 1074 593 Columbani
1091 557 1226 602 regula,
1244 555 1281 590 S.
1297 554 1391 590 Galli
1409 554 1449 589 in
1467 554 1645 589 Helvetiis
1662 565 1782 589 mona-

388 619 486 660 chus,
507 618 564 652 vir
580 618 662 663 pius
680 621 716 651 et
741 620 846 661 poeta
872 616 999 655 clarus,
1023 625 1104 648 cum
1127 614 1206 658 ipso
1228 612 1483 648 coenobiarcha
1508 611 1611 646 Gallo
1635 623 1678 646 ex
1702 611 1783 647 Sco-

387 677 439 711 tia
456 676 613 716 veniens,
631 686 673 709 eo
690 674 757 709 loci
774 673 977 708 substitisse
994 671 1161 706 creditur.
1207 670 1334 706 Innuit
1351 671 1427 716 ipse
1440 670 1595 716 quodam
1609 670 1783 716 epigram-

388 737 483 768 mate
500 743 508 767 :

690 816 763 845 Inde
777 815 981 848 Columbanus,
995 819 1093 843 noster
1105 819 1188 853 pater
1201 819 1289 853 atque
1302 814 1449 853 magister,

727 862 854 901 Alpibus
868 860 1004 895 excursis,
1019 861 1159 900 aei-iisque
1173 861 1238 895 viis,

691 909 750 938 Hic
764 908 856 938 aderit
869 917 1012 947 praesens,
1026 908 1183 947 alacrisque
1196 908 1234 937 ad
1246 907 1351 947 gaudia
1364 913 1456 942 tanta,

730 955 857 994 Agmina
870 955 1025 993 conjunget
1039 956 1197 984 consociata
1211 955 1306 985 simul.

689 1003 917 1040 Conjunguntur
930 1002 958 1031 ei
972 1002 1107 1036 celebres,
1121 1012 1292 1041 gressusque
1306 1002 1431 1040 fatigant

728 1049 803 1078 Tres
816 1059 929 1088 quoque
944 1049 1129 1084 Francorum,
1145 1048 1314 1088 Scotigenae
1327 1049 1445 1088 pariter.

437 1132 537 1167 Inter
554 1132 711 1166 illustres
729 1131 825 1165 illius
843 1131 978 1166 ordinis
996 1132 1092 1166 viros
1111 1136 1284 1172 censetur,
1313 1136 1349 1166 et
1373 1141 1488 1177 nuper
1515 1130 1592 1178 ejus
1618 1131 1728 1166 edidit
1745 1131 1783 1165 in

389 1189 495 1225 tomis
513 1188 757 1234 Antiquarum
776 1188 988 1224 Lectionum
1007 1189 1186 1224 Henricus
1205 1188 1372 1224 Canisius

538 1246 814 1293 Epigrammata
831 1247 932 1281 varia
1283 1246 1345 1281 lib.
1365 1255 1391 1280 1.

538 1304 709 1338 Poemata
726 1304 827 1338 varia
1282 1304 1345 1338 lib.
1365 1312 1390 1338 1.

442 1361 585 1396 Floruit
602 1372 696 1395 anno
714 1370 870 1396 DCLXX.
897 1360 964 1396 sub
982 1360 1146 1396 Conrado
1165 1360 1214 1396 II.
1240 1362 1466 1407 imperatore,
1492 1365 1528 1396 et
1553 1360 1786 1407 Ferquhardo

392 1419 440 1454 11.
459 1418 599 1453 Scotiae
616 1429 711 1465 rege.

874 1530 1168 1567 HERVAEUS.
1223 1531 1307 1567 660.

391 1648 631 1688 HERVAEUS,
661 1647 771 1682 nobili
803 1646 939 1681 familia
971 1651 1083 1688 ortus,
1122 1659 1213 1693 quae
1247 1647 1445 1682 etiamnum
1478 1647 1574 1692 apud
1607 1652 1785 1683 nostrates

389 1707 498 1752 viget,
528 1705 567 1739 in
594 1706 677 1739 aula
705 1704 861 1751 Anglica
892 1704 955 1738 diu
990 1704 1093 1746 vixit,
1131 1705 1340 1750 primusque
1375 1705 1565 1751 Bangorae
1599 1706 1785 1750 episcopus

390 1765 491 1803 sedit,
520 1763 582 1797 sed
609 1773 686 1797 eam
716 1767 737 1782 “
755 1762 872 1796 sedem
903 1773 965 1807 spe
990 1763 1170 1808 majorum
1196 1763 1407 1797 divitiarum
1432 1762 1611 1807 reliquit‚”
1636 1764 1687 1797 ait
1714 1762 1787 1797 Gu-

389 1821 530 1855 lielmus
574 1820 919 1860 Malmesburiensis,
964 1824 986 1840 “
1016 1825 1193 1861 causatus,
1236 1821 1332 1865 quod
1366 1820 1434 1855 sibi
1474 1824 1510 1854 et
1544 1820 1785 1856 VVallensibus

389 1889 462 1913 non
478 1878 567 1913 bene
584 1877 822 1912 conveniret.’'
873 1877 921 1911 Ei
940 1878 1108 1912 successit
1125 1877 1245 1912 David
1269 1876 1405 1918 Scotus,
1430 1878 1473 1911 de
1495 1889 1567 1923 quo
1590 1889 1699 1923 supra
1720 1879 1786 1913 hoc

389 1947 494 1980 opere
524 1946 589 1969 suo
618 1935 718 1975 loc03
756 1935 815 1968 ille
846 1946 931 1969 vero
967 1935 1037 1969 alio
1072 1937 1280 1976 translatus,
1314 1936 1376 1970 sed
1405 1935 1502 1970 haud
1529 1935 1631 1985 facile
1661 1947 1785 1971 eruere

389 2003 565 2039 quaenam
594 1992 657 2025 illa
686 1991 797 2026 fuerit
827 1993 982 2027 ecclesia.
1035 1992 1245 2026 Franciscus
1272 1992 1468 2027 Godwinus
1495 2003 1577 2038 pag.
1606 2001 1783 2028 DCLX111.

388 2055 494 2096 putat
523 2061 605 2099 eum
633 2048 744 2083 fuisse
772 2050 929 2093 primum
966 2049 1148 2083 Eliensem
1178 2050 1393 2094 episcopum,
1420 2050 1482 2084 sed
1507 2049 1620 2091 falso;
1653 2062 1737 2085 nam
1763 2063 1787 2086 a

390 2107 614 2153 Bangorensi
648 2106 687 2139 in
721 2105 857 2152 Anglia
895 2106 1063 2140 cathedra
1106 2107 1150 2140 ad
1192 2106 1451 2141 Lexoviensem
1493 2107 1532 2140 in
1574 2107 1783 2149 Normania,

388 2176 471 2211 rege
501 2163 656 2209 Angliae
688 2164 839 2203 volente,
874 2163 1054 2198 transivit.
1106 2163 1219 2197 Docet
1248 2164 1398 2208 epistola
1426 2164 1504 2198 MS.
1541 2164 1577 2198 S.
1608 2165 1784 2207 Anselmi,

390 2221 660 2257 Cantuariensis
678 2220 944 2265 archiepiscopi,
965 2221 1009 2255 ad
1035 2220 1231 2255 Henricum
1251 2221 1279 2255 Ι.
1305 2232 1450 2268 regem:
1494 2226 1516 2242 ‘⁶
1534 2221 1693 2257 Henrico
1719 2234 1785 2258 suo

388 2279 578 2314 karissimo
612 2278 768 2318 domino,
809 2279 927 2324 gratia
956 2277 1025 2312 Dei
1056 2278 1132 2324 regi
1162 2277 1378 2325 Anglorum,
1408 2284 1444 2314 et
1474 2279 1555 2314 duci
1586 2279 1785 2316 Normano-

388 2348 481 2377 rum,
524 2335 720 2370 Anselmus
754 2335 1041 2381 archiepiscopus
1075 2335 1177 2370 fidele
1210 2337 1399 2371 servitium
1433 2348 1514 2372 cum
1549 2338 1783 2374 orationibus.

390 2394 582 2430 Mandavit
612 2392 701 2427 mihi
727 2393 890 2439 dignatio
917 2399 1036 2428 vestra
1061 2404 1124 2439 per
1150 2394 1300 2429 electum
1326 2394 1530 2440 episcopum
1557 2394 1784 2432 WVintonien-
