2060 2848
405 270 470 302 652
789 269 1019 303 HISTORIA
1044 270 1415 304 ECCLESIASTICA

404 364 465 399 lib.
497 374 523 399 1.
563 364 633 399 nisi
664 365 759 411 quod
791 365 829 399 in
863 376 957 400 anno
987 365 1163 406 dissentit,
1198 377 1333 410 ponens
1364 365 1569 400 missionem
1600 365 1678 411 ejus
1709 376 1804 399 anno

404 431 568 457 Dcxxn.
605 422 707 458 Beat.
723 422 954 458 Marcellinus
968 423 1007 458 in
1019 422 1107 458 Vita
1124 423 1161 458 S.
1176 422 1360 458 Suniberti
1378 434 1454 468 cap.
1471 431 1527 457 VI.
1545 434 1583 457 se
1600 423 1710 469 hujus
1724 434 1804 456 san-

404 481 451 514 cti
470 481 582 514 vitam
603 481 786 526 scripsisse
799 481 874 523 ait3
899 485 936 515 et
949 492 1024 526 cap.
1040 490 1081 515 x.
1100 485 1122 501 “
1135 480 1171 515 S.
1190 480 1464 516 Willibrordum
1479 481 1574 516 inter
1591 491 1713 527 omnes
1731 492 1802 514 me-

403 538 474 572 rito
491 538 787 585 praefulgentem,
806 538 926 572 virum
944 538 1128 579 humilem,
1147 543 1182 573 et
1199 538 1311 572 totius
1332 538 1530 573 honestatis
1555 538 1725 582 exemplis
1750 550 1803 572 re-

402 595 534 630 fertum
549 596 578 630 :’'
604 601 641 631 et
658 607 735 640 cap.
755 604 848 630 XIII.
867 607 961 630 anno
979 608 1000 630 a
1017 596 1208 630 nativitate
1224 594 1374 630 Domini
1393 604 1596 630 Dcxcvnl.
1616 601 1637 616 “
1651 595 1802 630 Sanctus

400 652 669 694 willibrordus,
695 654 825 698 adepta
846 653 924 698 jam
950 653 1163 697 apostolicae
1188 652 1446 687 benedictionis
1470 653 1694 693 auctoritate,
1721 664 1802 687 con-

402 716 631 756 secratusque
649 709 935 754 archiepiscopus
952 721 974 743 a
991 709 1027 743 S.
1047 708 1173 755 Sergio
1195 708 1306 753 Papa,
1327 709 1434 743 rediit
1459 709 1504 743 ad
1526 708 1757 744 Germaniam
1770 710 1802 744 :’'

398 773 434 802 et
447 779 522 812 cap.
539 776 692 801 xxvnl.
706 767 745 801 in
758 766 827 800 fine
845 771 949 801 vocat
969 777 1051 801 eum
1069 766 1373 811 archiepiscopum
1388 765 1668 812 Trajectensem.
1712 767 1802 801 Rix-

398 825 515 859 fridus
539 825 725 870 episcopus
753 823 996 870 Trajectensis
1024 824 1064 858 in
1091 823 1259 868 Epistola
1284 823 1330 857 ad
1356 822 1392 858 S.
1419 822 1630 871 Ludgerum
1657 824 1802 859 Monas-

397 883 586 917 teriensem
618 882 849 928 episcopum:
886 886 908 901 “
935 881 1158 922 Habeamus,
1187 885 1223 915 et
1253 885 1460 916 reverenter
1489 882 1734 926 possideamus
1759 882 1803 916 li-

398 940 530 975 bellum
568 940 811 974 continentem
848 944 951 986 gesta
989 944 1025 974 et
1067 939 1218 985 legenda
1255 939 1471 974 sanctissimi
1510 938 1694 974 Suniberti
1728 940 1801 985 epi-

397 998 505 1043 scopi,
528 998 681 1032 consocii
699 1002 734 1032 et
757 997 955 1042 coepiscopi
981 996 1018 1031 S.
1037 996 1275 1038 willibrordi,
1301 997 1438 1031 editum
1464 997 1634 1033 mandato
1659 1002 1695 1032 et
1719 1009 1802 1032 auc-

397 1057 543 1090 toritate
574 1055 766 1100 apostolica
798 1054 834 1089 S.
866 1055 980 1099 patris
1015 1054 1193 1100 Gregorii,
1224 1055 1379 1099 episcopi
1416 1054 1658 1101 Trajectensis
1695 1056 1801 1090 eccle-

397 1112 505 1148 siae.''
548 1112 660 1147 Jonas
678 1112 787 1147 abbas
804 1112 932 1147 Scotus
950 1113 989 1146 in
1006 1113 1083 1147 vita
1101 1111 1137 1145 S.
1156 1111 1351 1146 Vulfranni
1370 1112 1466 1157 apud
1483 1111 1629 1146 Surium
1649 1118 1735 1147 tom.
1757 1122 1798 1146 11.

395 1172 453 1205 (lie
471 1180 543 1205 xx.
563 1170 703 1204 Martii.
732 1174 753 1190 ‘⁶
770 1169 1045 1211 Villibrordum‚
1071 1174 1307 1215 cognomento
1333 1168 1565 1210 Clementem,
1593 1170 1799 1215 episcopum

394 1233 431 1263 et
449 1229 631 1263 doctorem
649 1227 830 1272 praefatae
850 1228 968 1274 gentis
987 1227 1193 1266 Frisonum‚
1220 1226 1326 1260 acciri
1352 1225 1448 1267 fecit,
1474 1231 1516 1261 ut
1542 1227 1587 1260 ad
1614 1227 1692 1273 ejus
1718 1238 1799 1262 con-

394 1287 489 1321 sulta
507 1286 614 1319 simul
631 1296 712 1319 cum
737 1283 782 1319 B.
801 1284 1005 1320 Vulfranno
1031 1285 1070 1319 in
1096 1283 1259 1318 doctrina
1285 1295 1351 1318 sua
1375 1283 1559 1329 religionis
1586 1285 1799 1319 concordan-

394 1348 429 1378 te
465 1343 661 1377 efficeretur
696 1342 860 1377 Radbod.
896 1340 1161 1377 Christianus-’²
1220 1340 1392 1376 Meminit
1422 1346 1458 1376 et
1488 1353 1689 1387 anonymus
1724 1353 1799 1377 mo-

394 1400 528 1435 nachus
562 1400 829 1434 Werthinensis
869 1412 931 1435 seu
966 1399 1216 1434 lVerdinensis
1249 1399 1288 1433 in
1324 1399 1401 1434 vita
1434 1398 1470 1434 S.
1506 1399 1667 1446 Ludgeri
1702 1401 1798 1445 apud

394 1458 541 1492 Surium
559 1464 647 1492 tom.
668 1467 711 1492 11.
730 1457 788 1491 die
806 1466 925 1491 xxvi.
944 1457 1083 1492 Martii.
1136 1457 1173 1491 Is
1192 1468 1277 1503 ergo
1301 1468 1377 1502 cap.
1398 1466 1455 1492 xl.
1484 1462 1505 1477 ‘⁶
1524 1457 1797 1498 Marchelmum‚

393 1516 505 1550 mirae
530 1515 732 1550 sanctitatis
760 1515 891 1556 virum,
919 1514 954 1549 S.
980 1514 1193 1549 Wilibrordi
1220 1515 1401 1560 quondam
1427 1515 1662 1560 discipulum'’
1689 1515 1798 1550 fuisse

392 1573 527 1608 scribit.
581 1572 792 1607 Hucbaldus
810 1572 1006 1607 monachus
1024 1572 1062 1606 in
1081 1572 1158 1606 vita
1175 1571 1212 1606 S.
1232 1571 1387 1607 Lebuini
1412 1574 1508 1617 apud
1535 1572 1682 1607 Surium
1709 1578 1795 1608 tom.

394 1639 449 1664 v1.
467 1631 525 1665 die
543 1639 618 1664 ΧΗ.
638 1629 815 1664 Novemb.
837 1641 914 1675 cap.
936 1639 993 1664 1x.
1038 1629 1229 1674 Philippus
1248 1638 1403 1664 xxxix.
1421 1630 1607 1675 episcopus
1626 1629 1796 1665 Aichsta-

394 1688 522 1722 dianus
549 1689 588 1722 in
613 1688 690 1722 vita
715 1686 752 1721 S.
779 1686 1011 1733 WValpurgae,
1038 1687 1154 1721 editus
1182 1687 1228 1722 ab
1258 1686 1415 1722 Henrico
1444 1687 1589 1722 Canisio
1621 1693 1707 1722 tom.
1740 1697 1794 1722 1v.

392 1745 588 1790 Antiquar.
616 1745 777 1779 Lection.
805 1756 886 1791 pag.
915 1753 1061 1779 DLXVI.
1090 1749 1111 1764 “
1130 1744 1265 1779 Beatus
1290 1745 1399 1779 etiam
1420 1744 1690 1786 WillibrorduS‚
1714 1757 1797 1780 con-

392 1803 505 1837 fessor
527 1803 608 1843 Dei,
635 1807 669 1836 et
695 1801 859 1847 pontifex
884 1802 1095 1847 pretiosus-'³
1146 1800 1414 1847 Epternacense
1437 1802 1646 1848 coenobium
1670 1814 1692 1837 a
1715 1803 1796 1838 fun-

393 1860 569 1895 damentis
599 1860 725 1894 erexit.
787 1858 898 1904 Gasp.
928 1859 1128 1894 Bruschius
1156 1864 1192 1894 et
1219 1859 1400 1894 Molanus.
1452 1859 1643 1894 Uberrime
1673 1867 1793 1895 autem

391 1918 533 1964 singula
550 1917 664 1962 ipsius
683 1921 797 1963 gesta,
825 1921 860 1951 et
879 1927 986 1951 versu
1008 1921 1044 1951 et
1068 1927 1185 1961 prosa,
1209 1917 1324 1951 literis
1350 1916 1527 1952 Alcuinus
1551 1922 1674 1952 noster
1692 1918 1793 1953 Flac-

392 1986 453 2010 cus
484 1974 610 2009 Scotus
640 1974 837 2015 mandavit,
867 1978 903 2009 et
934 1974 1045 2008 vitam
1076 1974 1122 2009 ab
1153 1986 1194 2009 eo
1225 1974 1463 2019 conscriptam
1501 1975 1627 2010 retulit
1665 1975 1792 2011 Surius

392 2038 478 2067 tom.
519 2041 573 2066 VI.
609 2032 666 2067 die
701 2040 774 2066 vn.
811 2031 1008 2066 Novembr.
1049 2042 1121 2076 quo
1155 2032 1212 2066 die
1246 2032 1325 2077 ejus
1360 2032 1610 2067 solennitatem
1644 2034 1792 2068 ecclesia

392 2091 526 2125 recolit.
580 2090 818 2136 Martyrolog.
844 2089 951 2124 Rom.
971 2093 992 2109 “
1011 2088 1055 2123 In
1074 2088 1193 2123 Frisia
1210 2089 1386 2134 depositio
1404 2089 1441 2123 S.
1459 2089 1698 2131 willibrordi,
1717 2092 1793 2135 epi-

392 2148 489 2193 scopi
516 2147 770 2194 Trajectensis,
796 2147 858 2192 qui
885 2158 907 2181 a
930 2146 1044 2181 Beato
1068 2145 1193 2193 Sergio
1217 2158 1310 2192 papa
1332 2147 1518 2182 ordinatus
1545 2147 1730 2192 episcopus
1755 2149 1791 2182 in

393 2205 510 2239 Frisia
527 2210 562 2239 et
578 2204 698 2239 Dania
715 2205 940 2251 evangelium
958 2204 1209 2249 praedicavit.”
1259 2203 1397 2238 Eadem
1423 2204 1508 2238 alii:
1535 2215 1644 2249 supra
1669 2216 1791 2239 omnes

392 2262 597 2297 confutatur
619 2262 786 2297 Molanus
805 2262 843 2296 in
860 2261 1047 2296 Addition.
1072 2261 1309 2308 Martyrolog.
1328 2260 1485 2296 Usuard.
1538 2261 1667 2296 Franc.
1688 2261 1790 2297 Mau-

392 2320 532 2364 rolycus
560 2331 601 2354 eo
631 2320 710 2354 die:
737 2323 759 2339 “
781 2318 893 2365 Apud
919 2319 1055 2354 Frisios
1082 2317 1295 2354 Germaniae
1321 2319 1358 2353 in
1386 2330 1473 2365 agro
1500 2318 1705 2354 Trevirensi
1733 2319 1790 2354 de-
