2060 2848
295 2180 319 2209 N

655 261 830 296 GENTIS
855 261 1130 302 SCOTORUM,
1154 262 1243 296 LIB.
1268 262 1401 296 XVIII.
1655 263 1719 296 615

337 359 488 404 scriptor
505 356 822 403 Erphesfordensis
838 356 877 392 in
903 356 1065 393 Historia
1090 357 1134 392 de
1157 355 1371 404 Langraviis
1395 355 1616 403 Thuringiae
1640 367 1714 402 cap.

338 424 448 450 CXLI.

712 526 982 564 TECLANUS
1007 527 1187 564 ABBAS.
1239 531 1346 565 1128.

338 644 575 684 TECLANUS‚
593 642 797 677 monasterii
816 641 852 676 S.
870 641 993 676 Jacobi
1016 643 1161 689 majoris
1186 644 1226 678 in
1251 643 1420 678 suburbio
1446 642 1716 688 Herbipolitano

339 700 524 736 Scotorum
542 699 794 734 coenobiarcha
811 706 866 733 Ἦ.
885 699 941 733 vir
957 698 1037 743 pius
1056 704 1091 734 et
1108 700 1282 741 literatus,
1301 700 1443 745 scripsit

490 757 655 801 Hymnos
672 756 711 790 in
727 756 866 790 laudem
884 755 1059 800 Deiparae
1076 755 1238 802 Virginis
1368 756 1429 791 lib.
1450 766 1475 791 1.

488 812 761 859 Epigrammata
778 823 876 847 sacra
1369 813 1430 848 lib.
1450 822 1476 847 1.

389 871 487 905 Sedit
504 871 606 905 annis
625 879 667 904 11.
686 862 884 905 obiit‘anno
902 878 1093 906 uccxvn.
1142 869 1343 905 chronicon
1360 870 1445 905 dicti
1462 871 1540 906 loci.

697 981 1002 1018 TIMOTHEUS
1026 982 1205 1018 ABBAS.
1257 985 1364 1023 1129.

343 1099 604 1138 Tmo'rmms,
635 1097 793 1144 ejusdem
823 1096 980 1132 coenobii
1009 1097 1116 1132 abbas
1148 1105 1236 1132 XIX.
1267 1098 1334 1133 sub
1363 1097 1521 1133 Gerardo
1547 1098 1719 1143 Herbipo·

342 1156 430 1190 lensi
448 1155 621 1200 episcopo,
640 1154 781 1199 scripsit

489 1211 544 1245 De
561 1211 766 1245 turbulento
783 1210 1001 1245 Franconiae
1018 1210 1123 1246 Statu
1220 1211 1281 1246 lib.
1301 1221 1327 1246 1.

488 1268 544 1302 De
561 1267 663 1302 Bello
680 1267 798 1308 Civili,
816 1278 933 1308 versu,
1222 1268 1282 1303 lib.
1302 1278 1328 1303 1.
1363 1268 1480 1305 Erant
1502 1280 1543 1304 ea
1565 1274 1722 1314 tempora

538 1324 852 1365 calamitosissima,
870 1325 915 1359 ab
931 1324 1042 1359 officio
1060 1336 1135 1366 suo,
1161 1329 1197 1360 et
1213 1325 1332 1360 debita
1348 1326 1510 1371 episcopo
1526 1326 1724 1361 reverentia

541 1381 811 1422 discedentibus,
830 1382 890 1415 sed
911 1382 981 1416 cito
1004 1386 1085 1426 post
1107 1382 1189 1416 belli
1215 1382 1312 1417 clade
1335 1383 1489 1423 domitis,
1515 1387 1551 1418 et
1576 1383 1621 1418 ad
1645 1383 1723 1419 obe-

539 1438 708 1472 dientiam
725 1438 965 1479 redeuntibus,
984 1443 1026 1473 ut
1042 1439 1103 1474 lib.
1123 1448 1180 1474 IX.
1198 1450 1306 1484 supra
1322 1439 1397 1473 dixi
1412 1440 1452 1474 in
1468 1438 1606 1475 Imaro.

392 1496 491 1531 Sedit
508 1495 610 1530 annis
623 1503 711 1529 ΧΠ.
729 1494 818 1530 obiit
835 1506 928 1530 anno
947 1503 1173 1531 Mcccxcm.
1191 1495 1369 1531 Trithem.
1380 1495 1555 1532 Chronico
1568 1497 1721 1532 laudato.

746 1591 960 1627 THOMAS
985 1591 1163 1628 ABBAS.
1216 1594 1322 1629 1130.

346 1668 533 1707 THOMAS,
567 1672 604 1701 et
636 1668 711 1712 ipse
740 1666 875 1701 laudati
902 1666 1109 1702 monasterii
1138 1665 1245 1702 abbas
1275 1675 1382 1703 xxu.
1411 1667 1478 1703 sub
1506 1666 1643 1703 Joanne
1679 1668 1722 1701 de

348 1724 450 1759 Brun
469 1723 718 1768 Hei-bipolensi
735 1724 905 1764 antistite,
923 1724 1066 1768 scripsit

436 1783 438 1785 ’
491 1780 546 1814 De
571 1780 797 1814 Fundatione
822 1780 1024 1825 quindecim
1048 1780 1349 1816 Monasteriorum
1375 1781 1413 1815 in
1443 1780 1634 1816 Germania
1661 1792 1726 1827 pro

541 1836 654 1871 Scotis
671 1837 867 1883 peregrinis
916 1837 977 1871 lib.
997 1845 1022 1871 1.
1073 1836 1174 1881 Opus
1192 1848 1264 1871 non
1286 1838 1372 1878 vidi,
1396 1838 1457 1873 sed
1479 1838 1600 1873 laudat
1623 1837 1725 1873 Nini·

541 1904 630 1928 anus
647 1892 848 1934 Winzetus,
865 1893 972 1928 abbas
987 1892 1174 1928 Scotorum
1192 1893 1515 1929 Ratisbonensium.

396 1950 557 1986 Praefuit
574 1950 677 1985 annis
694 1958 766 1984 xx.
791 1949 880 1985 obiit
905 1960 998 1985 anno
1023 1958 1355 1985 Mccccxxxxvn.
1407 1950 1606 1986 Chronicon
1623 1962 1725 1997 saepe

345 2009 539 2044 laudatum.

786 2103 1062 2139 TOTHADUS
1087 2104 1132 2139 E.
1182 2106 1288 2139 1130.

346 2179 391 2214 Β.
411 2179 651 2219 ΤοΤΗΑΒυε,
669 2178 853 2223 episeopus
871 2177 957 2212 Divi
974 2178 1151 2219 Andreae,
1164 2179 1467 2214 calamitosissimo
1483 2180 1600 2214 seculo
1618 2178 1726 2214 Scoti-

347 2247 423 2272 cam
441 2236 623 2271 ecclesiam
640 2236 916 2277 administravit,
942 2247 1021 2270 cum
1047 2235 1221 2270 Normani
1245 2236 1353 2270 armis
1378 2236 1417 2270 in
1441 2235 1612 2283 Angliam
1637 2236 1727 2271 irru-

346 2293 492 2338 pissent,
510 2292 622 2340 Angli
640 2293 678 2328 in
695 2292 850 2328 Scotiam
867 2292 1044 2340 transfugi
1070 2293 1221 2328 miseriis
1238 2293 1313 2329 suis
1332 2293 1478 2329 modum
1503 2298 1722 2339 quaererent.

347 2349 497 2395 Scripsit
