2060 2848
411 332 475 365 562
804 333 1038 368 HISTORIA
1061 333 1433 369 ECCLESIASTICA

738 485 881 523 HUGO
906 486 977 522 DE
1003 486 1347 524 ROKESBURG„
1380 488 1509 523 1052„

411 600 536 635 HUGO
554 601 598 635 de
621 601 847 650 Rokesburg,
871 602 1018 637 clericus
1042 600 1227 636 Wilhelmi
1254 600 1393 637 Scotiae
1419 601 1525 648 regis,
1552 604 1588 636 et
1614 600 1659 636 ab
1684 602 1805 636 eodem

411 659 642 696 cancellarius
660 659 788 701 factus,
806 671 853 695 an
870 660 1007 706 aliquid
1024 660 1216 704 scripserit,
1235 659 1366 694 nescio.
1422 691 1424 694 .
1495 680 1497 685 .

460 718 565 753 Vixit
588 729 683 753 anno
708 726 882 753 MCXCVI.
945 716 1078 763 Roger.
1103 717 1147 750 de
1173 715 1349 751 Hoveden
1374 720 1467 761 part.
1496 724 1539 751 11.
1565 715 1699 753 Annal.
1726 729 1806 764 pag.

411 785 587 812 CCCLXX.

906 886 1156 922 ROGERUS.
1210 889 1317 922 1053.

407 1006 618 1046 Romnum,
637 1004 787 1040 Roberti
805 1002 1020 1038 Leicestriae
1038 1002 1178 1037 comitis
1201 1002 1245 1038 F.
1263 1003 1302 1037 in
1322 1001 1442 1039 scotia
1459 1003 1642 1045 educatus,
1661 1008 1697 1039 et
1715 1005 1807 1051 ejus-

407 1064 488 1098 dem
514 1062 617 1109 regni
642 1062 883 1097 cancellarius.
936 1060 1122 1095 Hoveden.
1154 1060 1240 1095 ibid.
1269 1060 1362 1095 loci:
1393 1066 1415 1081 “
1439 1060 1519 1096 Rex
1546 1060 1684 1097 Scotiae
1709 1063 1806 1097 dedit

406 1121 650 1166 episcopatum
676 1119 712 1154 S.
740 1118 908 1153 Andreae
934 1117 1078 1164 Rogero
1109 1118 1317 1154 cancellario
1344 1129 1421 1160 suo,
1451 1123 1637 1164 praesente
1667 1118 1692 1154 J
1693 1131 1806 1154 oanne

405 1177 653 1213 Dunkeldensi
671 1177 845 1222 episcopo,
863 1180 900 1211 et
916 1187 989 1210 non
1006 1176 1302 1211 contradicente.’'
1354 1175 1504 1221 Scripsit

553 1233 741 1269 Sermones
759 1234 878 1268 varios
1302 1233 1363 1267 lib.
1383 1241 1409 1267 1.

555 1291 601 1327 In
617 1291 909 1327 Ecclesiasticum
1192 1325 1195 1327 ,
1298 1290 1360 1326 lib.
1380 1300 1406 1327 1.

454 1349 609 1386 Vivebat
629 1360 723 1384 anno
742 1356 916 1384 mcxevr

743 1462 1078 1498 REGINALDUS
1104 1462 1297 1500 MACER.
1352 1466 1459 1500 1054.

404 1585 425 1600 ‘⁵
443 1579 487 1615 B.
503 1579 783 1615 REGINALDUS
802 1579 991 1613 cardinalis
1010 1578 1168 1620 Scotus,”
1181 1579 1232 1614 ait
1251 1578 1539 1614 Scotichronicon
1556 1580 1617 1615 lib.
1634 1589 1709 1615 ΧΠ.
1723 1593 1799 1626 cap.

402 1647 475 1672 vu.
504 1642 525 1658 “
551 1637 667 1672 dictus
694 1637 847 1671 Macer.”
901 1640 922 1655 “
940 1636 1140 1671 Monachus
1164 1636 1207 1671 de
1231 1636 1379 1677 Malros,
1397 1637 1553 1671 succedit
1570 1637 1743 1684 Gregorio
1762 1639 1799 1672 in

401 1696 608 1740 episcopatu
638 1694 808 1729 Rossensi
838 1704 958 1728 mense
993 1693 1223 1734 Februario,”
1264 1694 1316 1728 ait
1345 1694 1510 1740 Rogerus
1545 1694 1589 1728 de
1625 1695 1799 1730 Hoveden

400 1756 490 1797 part.
523 1760 565 1786 11.
596 1763 678 1798 pag.
712 1759 950 1786 ccccxxvn.
1002 1750 1171 1786 Meminit
1201 1751 1359 1797 ejusdem
1390 1753 1497 1796 paulo
1527 1751 1647 1786 infra:
1689 1752 1797 1787 “Ve-

400 1810 455 1844 nit
490 1810 535 1844 ad
569 1820 690 1855 regem
726 1809 912 1844 Scotorum
949 1808 1132 1843 Haroldus
1166 1810 1295 1850 senior,
1331 1808 1517 1845 interfecto
1552 1808 1714 1845 Haroldo
1739 1811 1800 1856 ju-

399 1869 498 1902 niore
528 1879 592 1912 per
617 1867 829 1901 conductum
858 1866 992 1913 Rogeri
1018 1870 1052 1900 et
1079 1866 1271 1913 Reginaldi
1302 1866 1548 1911 episcoporum
1573 1866 1606 1901 S.
1629 1866 1796 1903 Andreae

399 1931 435 1959 et
457 1925 687 1964 Rosmarkin‚
712 1929 748 1959 et
774 1924 905 1959 obtulit
930 1924 1006 1970 regi
1025 1924 1163 1968 copiam
1189 1924 1268 1958 auri
1290 1928 1326 1958 et
1344 1924 1483 1970 argenti
1502 1935 1567 1969 pro
1586 1924 1795 1960 Cathania.’²

399 1982 549 2028 Scripsit

548 2039 741 2084 Praecepta
759 2040 931 2074 salutaria
948 2039 993 2074 ad
1011 2039 1157 2074 Fratres
1292 2039 1352 2074 lib.
1375 2049 1399 2074 1.

547 2097 780 2132 Collectiones
799 2096 995 2143 Synodales
1291 2098 1351 2132 lib.
1372 2106 1397 2131 1.

447 2156 599 2203 Sedebat
617 2167 710 2190 anno
729 2164 904 2190 MCXCVI.

857 2253 1168 2290 RICHARDUS.
1222 2257 1329 2290 1055.

396 2329 640 2362 RICHARDUS
675 2329 861 2374 episcopus
896 2328 1111 2364 Morefensis
1140 2329 1348 2364 nominatur
1381 2329 1420 2363 in
1450 2328 1562 2363 literis
1598 2328 1791 2363 Clementis

397 2384 466 2419 III.
489 2385 690 2430 pontificis3
718 2393 885 2431 corrupto
908 2397 992 2421 sane
1014 2386 1158 2421 nomine
1181 2397 1245 2431 pro
1270 2383 1529 2420 Moraviensis.
1585 2385 1659 2420 Nec
1683 2387 1725 2420 de
1750 2398 1791 2420 eo

395 2444 509 2487 plura.
562 2441 712 2488 Scripsit
