2060 2848
735 329 967 364 HISTORIA
991 332 1372 368 ECCLESIASTICA.
1685 335 1747 365 545

657 479 694 515 S.
722 480 772 515 H.
798 479 1043 516 RABANUS
1068 481 1293 518 MAURUS.
1350 485 1456 522 1037.

361 592 398 628 S.
418 592 467 627 H.
486 592 698 634 RABANUS,
716 605 780 629 seu
797 593 991 636 Rabamus,
1009 594 1054 630 ab
1070 595 1197 630 habitu
1209 597 1365 641 corporis
1384 597 1547 639 Maurus,
1566 603 1602 633 et
1619 609 1745 645 cogno·

359 654 481 685 mento
498 649 634 685 Gallico
651 650 883 698 Magnentius
901 656 1058 693 vocatus,
1071 652 1285 688 Academiae
1302 653 1514 690 Parisiensis
1531 656 1598 690 sub
1615 655 1747 690 carolo

359 706 496 753 Magno
507 707 687 743 fundator.
730 708 823 743 Vide
840 719 949 754 supra
961 709 1028 744 hoc
1040 720 1145 754 opere
1158 710 1219 745 lib.
1236 719 1261 744 1.
1275 711 1312 745 in
1324 709 1492 753 Alcuino,
1507 717 1542 747 et
1555 712 1616 747 lib.
1633 721 1692 746 111.
1710 714 1747 747 in

363 761 555 805 Clemente,
573 769 609 799 et
625 765 684 800 lib.
702 774 778 800 XII.
797 765 836 800 in
852 764 1072 801 Mailrosio:
1091 767 1180 802 adde
1198 767 1351 803 Paulum
1365 768 1557 816 Morigiam
1571 769 1595 803 J
1596 770 1747 804 esuitam

360 821 421 856 lib.
438 830 481 856 11.
495 821 615 857 Viror.
630 823 741 858 illust.
760 834 836 868 cap.
851 831 906 857 vl.
927 828 949 844 ‘⁶
962 823 1131 858 Monachi
1148 823 1294 859 fuerunt
1312 825 1495 866 Claudius,
1513 826 1693 867 Rabanus,
1712 832 1746 860 et

359 878 528 920 Joannes,
557 890 639 914 cum
669 879 835 921 Alcuino,
859 881 927 926 'qui
957 879 1156 916 fundarunt
1184 881 1414 917 Academiam
1439 882 1686 925 Parisiensem‚
1713 889 1747 918 et

360 936 534 982 originem
552 936 735 971 Ticinensi
752 937 957 972 dederunt.'’
1009 936 1087 972 Hos
1105 938 1199 973 enim
1217 943 1289 973 tres
1311 939 1371 973 ille
1393 940 1538 975 comites
1560 951 1604 975 ex
1627 940 1747 975 Scotia

359 993 398 1027 in
424 992 558 1028 Gallias
586 993 724 1035 habuit,
755 994 818 1029 ubi
847 994 1109 1029 nobilissimum
1139 995 1323 1030 literarum
1356 997 1555 1042 emporium
1580 997 1747 1032 Lutetiae

359 1049 483 1084 erexit.
536 1050 684 1085 Praeter
699 1062 759 1086 eos
776 1062 866 1096 quos
884 1056 990 1086 antea
1005 1051 1161 1092 laudavi,
1180 1052 1257 1096 ipse
1274 1051 1438 1094 Balaeus,
1454 1058 1490 1087 et
1502 1052 1570 1088 Dei
1584 1054 1747 1089 veritatis

359 1111 394 1141 et
420 1106 607 1141 Scotorum
631 1107 757 1148 hostis,
780 1108 1071 1142 illiteratissimus
1094 1108 1301 1153 descriptor,
1321 1109 1519 1145 Britannic.
1538 1115 1673 1145 centur.
1702 1119 1744 1145 11.

359 1175 435 1209 cap.
454 1172 558 1198 xvu.
586 1168 608 1184 “
625 1163 686 1198 Ex
711 1165 902 1210 praedictis
928 1170 1068 1200 constat
1084 1164 1224 1211 Anglos
1248 1170 1284 1200 et
1309 1165 1431 1201 Scotos
1449 1166 1615 1202 Lutetiae
1640 1167 1747 1202 bonas

358 1227 453 1256 artes
470 1221 627 1266 primum
645 1222 876 1266 publicasse.’'
926 1222 1133 1256 Ridiculum
1152 1233 1237 1257 sane
1254 1223 1509 1264 testimonium,
1528 1235 1612 1258 nam
1627 1235 1747 1260 omnes

358 1279 437 1313 illos
455 1279 615 1313 doctores
641 1290 772 1326 magno
797 1284 928 1314 conatu
950 1278 1089 1326 Anglos
1114 1279 1256 1321 fecerat,
1282 1284 1361 1314 tum
1378 1280 1434 1314 sui
1460 1281 1602 1322 oblitus,
1621 1279 1744 1315 Scotos

358 1337 466 1371 etiam
483 1336 521 1370 in
538 1341 676 1380 partem
693 1337 828 1382 gloriae
846 1341 970 1377 vocat;
990 1341 1025 1370 et
1037 1336 1166 1381 ineptit
1179 1337 1344 1371 insanum
1360 1337 1559 1383 Polydorus
1571 1337 1746 1384 Virgilius

357 1394 418 1428 lib.
438 1401 476 1428 v.
496 1392 635 1428 Histor.
653 1392 796 1440 Anglic.
815 1404 897 1440 pag.
916 1402 996 1428 cvr.
1020 1394 1142 1428 eadem
1167 1394 1312 1428 levitate
1335 1393 1438 1428 fidem
1462 1394 1599 1429 fallens.
1653 1394 1748 1429 Reli-

356 1451 492 1497 giosius
521 1449 617 1490 Itali,
643 1449 808 1495 Gallique
834 1461 875 1484 ac
900 1449 1080 1491 Germani,
1109 1450 1323 1485 Ricobaldus
1350 1451 1598 1492 Ferrariensis,
1627 1451 1747 1486 Ptolo-

356 1519 478 1542 maeus
508 1507 691 1547 Lucensis,
722 1507 902 1542 Robertus
932 1507 1119 1553 Gaguinus
1149 1508 1188 1541 in
1221 1507 1349 1543 Carolo
1384 1508 1530 1554 Magno,
1567 1508 1746 1542 Robertus

358 1564 531 1599 Gonletus
557 1564 595 1598 in
616 1564 836 1609 Compendio
858 1564 1096 1599 Fundationis
1115 1564 1371 1599 Universitatis
1399 1564 1618 1605 Parisiensis,
1645 1566 1746 1600 aiunt

356 1621 518 1656 unanimi
536 1632 720 1662 consensu,
740 1626 761 1641 “
779 1622 931 1666 primam
949 1621 1147 1667 theologiae
1158 1621 1275 1655 sedem
1295 1621 1332 1655 in
1345 1621 1538 1656 Academia
1551 1621 1745 1656 Parisiensi

356 1679 516 1723 posuisse
533 1678 741 1718 AIcuinum,
758 1678 782 1712 J
783 1689 944 1718 oannem,
963 1677 1164 1718 Rabanum,
1188 1683 1224 1712 et
1241 1677 1443 1718 Claudium,
1461 1678 1582 1713 Scotos
1594 1678 1628 1719 ;’'
1653 1681 1747 1723 quod

357 1735 539 1770 Gilbertus
558 1734 810 1769 Genebrardus
828 1736 980 1770 inseruit
998 1746 1082 1769 suae
1100 1734 1359 1781 Chronologiae
1376 1746 1457 1782 pag.
1478 1744 1595 1770 DXIX.
1630 1736 1745 1770 Lilius

357 1792 538 1837 Gyraldus
556 1792 795 1826 Ferrariensis
815 1793 950 1827 delatos
968 1793 1019 1826 ait
1044 1796 1067 1812 “
1083 1792 1121 1826 in
1148 1791 1301 1826 Galliam
1327 1803 1370 1826 ex
1396 1792 1514 1827 Scotia
1537 1793 1582 1827 ad
1604 1793 1746 1828 institu-

357 1850 490 1884 tionem
509 1849 720 1883 Parisiensis
738 1849 888 1889 scholae,
906 1854 1065 1893 tempore
1083 1848 1201 1883 Caroli
1219 1849 1356 1895 Magni,
1375 1848 1576 1890 Claudium,
1593 1849 1744 1884 Demen-

358 1912 440 1946 tem‚
460 1905 661 1946 Rabanum,
684 1910 721 1940 et
737 1905 977 1946 Alcuinum;”
1002 1906 1064 1940 sed
1088 1910 1295 1950 corruptum
1321 1917 1461 1946 nomen,
1487 1907 1744 1952 legendumque

361 1960 584 1997 Clementem,
620 1962 782 2007 Raphael
815 1962 1013 2007 Maphaeus
1047 1961 1303 1997 volaterranus
1333 1961 1572 1997 Commentar.
1608 1963 1743 1997 Urban.

359 2024 380 2039 “
394 2019 557 2054 Scholam
576 2019 823 2060 Parisiensem,
839 2024 925 2053 tunc
939 2020 1094 2064 primum
1107 2018 1318 2059 inchoatam,
1333 2030 1398 2053 sua
1410 2019 1570 2054 doctrina
1583 2021 1745 2055 celebrio-·

357 2087 432 2111 rem
449 2075 643 2111 reddidit.”
696 2076 803 2110 Hunc
826 2087 910 2110 vero
932 2076 1144 2110 Academiae
1170 2075 1381 2110 parisiensis
1407 2075 1632 2111 fundatorem
1657 2088 1741 2111 eun-

358 2134 438 2168 dem
468 2144 543 2167 esse
572 2144 652 2167 cum
682 2134 844 2178 praesule
871 2132 1087 2178 Moguntino
1114 2137 1219 2177 putat
1249 2133 1286 2166 in
1312 2131 1535 2167 Bibliotheca
1559 2133 1742 2168 Conradus

359 2190 549 2231 Gesnerus,
573 2196 609 2225 et
633 2201 713 2224 cum
738 2201 778 2224 eo
800 2189 918 2224 Josias
942 2189 1124 2224 Simlerus.
1176 2188 1272 2223 Vera
1297 2200 1380 2224 sane
1406 2190 1526 2234 opinio
1551 2196 1616 2231 est,
1642 2192 1743 2226 illum

358 2247 513 2282 Alcuino
530 2249 643 2282 multo
660 2246 771 2281 fuisse
782 2246 975 2292 juniorem,
993 2257 1076 2280 nam
1089 2246 1166 2292 ejus
1184 2246 1396 2291 discipulum
1408 2251 1510 2281 vocat
1523 2247 1742 2282 Flodoardus

359 2304 419 2339 lib.
439 2313 501 2339 111.
519 2304 616 2339 Hist.
636 2304 810 2338 Rhemen.
830 2315 905 2348 cap.
925 2312 1013 2337 XXI.

409 2361 480 2396 Hic
493 2372 515 2396 a
527 2361 655 2396 Carolo
669 2361 804 2407 Magno
819 2360 993 2395 Meldensi
1006 2361 1211 2406 episcopatu
1225 2361 1387 2401 donatus,
1402 2361 1527 2396 maluit
1541 2362 1739 2408 religiosam
