2060 2848
388 322 451 354 472
770 322 1004 355 HISTORIA
1027 322 1403 356 ECCLESIASTICA

803 474 838 509 S.
866 474 1234 510 MENALACHUS.
1289 478 1372 514 892.

390 590 426 625 S.
446 591 751 631 MENALACHUS,
767 591 953 635 episcopus
972 590 1110 630 Scotus,
1134 591 1250 625 socius
1268 602 1308 625 ac
1326 593 1460 637 collega
1477 590 1513 625 S.
1528 591 1652 626 Livini
1672 593 1786 627 archi·

390 649 545 694 episcopi
563 648 671 689 Scoti,
689 653 731 682 ut
749 648 786 681 in
806 649 902 682 illius
920 647 1007 682 Vita
1034 647 1069 682 S.
1089 647 1310 689 Bonifacius,
1337 653 1371 682 et
1398 649 1472 693 ipse
1498 649 1637 690 Scotus,
1664 656 1784 695 aperte

389 707 559 751 loquitur,
577 706 790 752 magistrum
809 717 914 739 suum
933 706 971 739 in
990 705 1124 738 Gallias
1142 706 1346 747 comitatus,
1367 710 1402 740 et
1420 707 1451 739 ei
1470 707 1644 752 martyrio
1660 708 1785 742 affecto

388 769 577 808 superstes,
596 764 746 808 alicujus
770 764 807 796 in
834 763 954 797 Scotia
979 763 1142 796 ecclesiae
1168 767 1301 806 pastor,
1328 774 1468 798 summa
1493 765 1682 799 sanctitate
1708 777 1786 811 gre-

388 833 468 868 gem
487 822 602 861 rexit3
631 832 694 854 nec
712 821 831 865 siquid
849 820 1003 864 scripsit,
1023 820 1261 863 exploratum.

435 878 539 912 Vixit
557 878 736 912 confessor
753 889 846 912 anno
866 886 1042 911 Dchln.
1094 876 1181 910 Dies
1201 877 1371 912 incertus.

879 993 915 1028 S.
944 991 1144 1027 MENNA.
1200 995 1283 1031 893.

387 1109 422 1144 S.
443 1110 617 1150 MENNA,
635 1110 739 1155 virgo
756 1109 865 1155 regia,
892 1119 993 1142 soror
1009 1108 1071 1142 SS.
1092 1107 1191 1142 Elifii
1217 1112 1252 1142 et
1277 1108 1462 1149 Eucharii,
1486 1121 1551 1143 nec
1576 1122 1648 1145 non
1675 1111 1783 1146 Liba-

385 1168 458 1201 riae
478 1172 513 1201 et
531 1167 725 1206 Susannae,
744 1178 825 1201 cum
843 1166 969 1200 iisdem
988 1171 1024 1200 et
1049 1166 1200 1211 triginta
1223 1166 1350 1206 tribus,
1377 1172 1451 1207 aut,
1477 1172 1519 1202 ut
1545 1169 1617 1208 alii,
1644 1169 1782 1203 duobus

386 1226 500 1265 sociis,
528 1225 646 1259 Scotia
671 1236 823 1270 egressa,
851 1228 886 1258 et
914 1229 1116 1264 sanctorum
1144 1235 1292 1268 operum
1319 1226 1433 1269 plena,
1461 1226 1580 1271 gladio
1605 1237 1783 1270 percussa,

384 1294 532 1329 agonem
553 1294 617 1326 pro
632 1282 777 1316 Christo
795 1282 1068 1321 consummavit,
1087 1281 1308 1326 virginitatis
1322 1283 1517 1327 puritatem
1529 1284 1695 1328 martyrii
1709 1285 1784 1331 glo-

384 1341 459 1374 riae
477 1341 708 1386 conjungens.
762 1339 976 1373 Monacham
995 1338 1105 1372 fuisse
1124 1350 1168 1372 ex
1194 1340 1281 1372 actis
1308 1340 1431 1385 liquet,
1458 1347 1500 1375 ut
1526 1346 1697 1385 appareat
1722 1342 1785 1376 diu

384 1403 465 1432 ante
492 1398 539 1431 D.
571 1398 757 1443 Brigidam
788 1397 959 1431 moniales
987 1396 1025 1429 in
1053 1395 1172 1429 Scotia
1198 1396 1357 1437 vestitas,
1384 1398 1479 1442 quod
1506 1398 1591 1432 olim
1618 1399 1782 1433 credulus

383 1456 616 1499 scripseram:
643 1456 755 1489 vitam
782 1459 901 1489 autem
929 1454 1006 1499 ejus
1032 1453 1223 1487 memoriae
1249 1455 1409 1498 prodidit
1435 1454 1471 1490 S.
1491 1456 1676 1500 Rupertus
1695 1456 1784 1490 Tui-

384 1513 520 1552 tiensis‚
549 1517 678 1558 rogatu
704 1512 838 1546 Albani
866 1511 1004 1546 abbatis
1038 1511 1226 1545 Scotorum
1251 1513 1409 1547 coenobii
1440 1512 1653 1547 Martiniani
1681 1514 1782 1549 Colo-

382 1571 470 1604 niae.
513 1570 640 1604 Sacrae
658 1570 839 1614 reliquiae,
858 1581 939 1603 cum
957 1580 1102 1613 corpore
1120 1569 1272 1615 integro,
1288 1570 1409 1615 jacent
1427 1571 1466 1604 in
1482 1572 1561 1605 loco
1575 1572 1636 1616 qui
1651 1572 1783 1606 dicitur

383 1628 526 1662 Poroes.
579 1627 705 1662 Surius
724 1632 807 1661 tom.
825 1636 863 1661 V.
883 1638 964 1673 pag.
984 1635 1185 1660 CCXXCIII.

433 1685 544 1718 Passa
562 1696 655 1719 anno
675 1694 838 1719 ceemn.
866 1685 994 1719 colitur
1012 1684 1068 1717 die
1087 1692 1173 1717 XVI.
1193 1682 1319 1718 Octob.
1347 1684 1428 1719 Sur.
1455 1686 1500 1720 ab
1523 1685 1634 1731 impio
1660 1692 1696 1721 et
1721 1698 1781 1732 pa-

383 1744 507 1778 rabata
525 1741 673 1777 Juliano
691 1747 855 1777 mactata.

820 1842 856 1876 S.
883 1840 1203 1877 METHODIUS.
1255 1846 1339 1881 894.

383 1917 418 1952 S.
438 1918 691 1951 METuonms
718 1916 844 1950 Scotus
871 1915 989 1956 abbas,
1017 1927 1081 1949 nee
1107 1917 1211 1960 plura
1236 1918 1472 1962 deprehendo,
1500 1923 1535 1953 et
1561 1920 1656 1964 apud
1683 1920 1780 1954 Mar-

384 1977 489 2021 tyrol.
510 1975 789 2009 Carthusianum
804 1975 930 2013 solum,
948 1974 1043 2018 quod
1058 1975 1215 2015 memini,
1235 1975 1312 2020 ejus
1327 1977 1460 2010 mentio
1474 1976 1693 2018 celebratur3
1721 1989 1780 2012 us-

383 2046 452 2079 que
478 2034 565 2067 adeo
586 2033 624 2066 in
649 2033 805 2067 tenebris
831 2043 887 2065 res
914 2032 1077 2066 ecclesiae
1100 2034 1270 2067 nostratis
1292 2034 1426 2079 jacent,
1453 2038 1489 2068 et
1506 2045 1528 2068 a
1550 2039 1595 2075 te,
1622 2034 1780 2080 Deipara

384 2093 497 2137 virgo,
516 2091 631 2125 fatum
650 2094 866 2135 exspectant.

432 2149 563 2183 Annus
581 2149 750 2182 incertus.
804 2147 944 2182 Colitur
961 2155 1049 2181 XIV.
1068 2148 1206 2182 Martii.

852 2246 887 2281 S.
915 2246 1166 2281 MICHAEL.
1220 2250 1303 2286 895.

383 2323 418 2357 S.
439 2322 639 2356 MICHAEL
666 2321 774 2355 tacito
800 2322 942 2356 nomine
968 2322 1005 2355 in
1022 2321 1110 2356 Vita
1135 2321 1171 2355 S.
1200 2321 1398 2356 Malachiae
1424 2323 1642 2363 nominatur,
1668 2334 1774 2368 quam

383 2380 524 2425 scripsit
545 2379 579 2413 S.
602 2379 819 2420 Bernardus‚
846 2379 970 2413 retulit
994 2379 1119 2414 Surius
1144 2384 1229 2414 tom.
1258 2388 1312 2413 VI.
1342 2390 1423 2426 pag.
1448 2389 1549 2414 xxx.
1606 2380 1676 2415 Hic
1695 2393 1773 2415 cum
