2118 2854
353 329 415 360 :336
737 324 969 358 HISTORIA
994 322 1369 356 ECCLESIASTICA

355 424 427 457 (lin.
452 422 487 456 S.
508 421 691 456 Benedicti
711 431 786 465 cap.
806 428 944 454 CCXLI.
964 422 999 453 et
1016 418 1202 464 Sigeberto
1221 416 1445 452 Gemblacen.
1470 416 1603 451 Chron.
1625 418 1669 452 ad
1690 429 1751 451 an-

355 492 441 514 num
471 488 640 513 MXXVII.
687 483 710 498 “
728 478 897 512 Florebat
913 477 980 511 hoc
1005 480 1164 520 tempore
1190 474 1425 509 ecclesiastica
1448 474 1575 520 religio
1601 486 1664 519 per
1691 475 1748 508 ab·

355 540 453 572 bates
472 537 726 572 nominabiles:
753 536 791 569 in
810 535 966 569 Francia
982 533 1137 578 quidem,
1165 535 1200 565 et
1224 531 1450 577 Burgundia‚
1477 542 1541 575 per
1559 532 1748 565 Odilonem

356 596 636 634 cluniacensem,
654 594 786 638 pietate
804 592 992 638 insignem,
1016 602 1079 635 per
1098 588 1316 623 Gulielmum
1334 588 1603 629 Divionensem,
1628 589 1666 622 in
1691 601 1753 623 au-

358 653 518 687 steritate
544 651 803 691 reverendum;
831 650 869 683 in
892 648 1130 693 Lotharingia
1152 657 1215 691 per
1234 646 1456 680 Richardum
1474 645 1751 685 Virdunensem,

357 711 415 754 pia
433 710 611 756 gravitate
630 713 665 742 et
682 709 785 754 gravi
803 707 935 752 pietate
961 707 1165 744 discretum,
1191 715 1256 748 per
1282 703 1464 748 Poponem
1492 703 1750 739 Stabulensem.

356 779 418 811 per
438 767 581 801 Heliam
599 766 857 804 emoniensem,
876 775 939 809 per
956 758 1151 797 Osbertum
1177 766 1212 795 et
1241 761 1463 805 Stephanum
1487 758 1752 798 Leodicensem,

358 837 420 869 per
447 824 649 858 Bernonem
672 822 927 869 Augiensem.''
977 820 1075 854 Idem
1102 818 1142 852 S.
1159 819 1388 852 Pantaleonis
1412 823 1447 853 et
1470 818 1507 852 S.-
1530 819 1682 853 Martini
1707 820 1753 852 si-

357 884 431 916 mul
450 882 557 916 abbas
575 881 796 925 periclitatus
823 883 886 918 est,
914 881 1062 912 vocante
1088 877 1125 910 in
1147 875 1327 922 judicium
1350 875 1511 920 ejusdem
1530 876 1751 910 Coloniensis

356 939 519 972 ecclesiae
537 937 812 981 archiepiscopo,
838 935 894 970 uti
921 947 942 969 a
966 934 1132 968 Mariano
1156 933 1261 967 Scoto
1285 933 1469 977 proditum
1494 932 1661 967 Chronic.
1689 934 1750 967 lib.

358 1005 417 1029 111.
440 1006 533 1029 anno
553 1003 737 1028 MXXXIV.
766 999 787 1014 “
807 994 960 1038 Propter
977 992 1187 1037 religionem
1204 991 1436 1030 destructam,
1456 991 1753 1036 disciplinamque

360 1053 519 1092 nimiam,
547 1056 582 1086 et
603 1056 749 1096 propter
768 1052 905 1096 aliquos
923 1050 1046 1084 Scotos
1064 1060 1153 1094 quos
1172 1059 1289 1083 secum
1309 1048 1463 1082 habebat
1482 1048 1607 1082 Helias
1626 1048 1752 1083 Scotus

357 1111 475 1150 abbas,
502 1110 564 1155 qui
600 1110 856 1144 monasterium
891 1108 927 1143 S.
966 1107 1192 1142 Pantaleonis
1224 1111 1259 1140 et
1294 1105 1329 1139 S.
1367 1106 1519 1140 Martini
1549 1107 1685 1150 pariter
1715 1108 1752 1140 in

358 1169 505 1202 Colonia
522 1167 678 1213 regebat,
700 1167 897 1212 Piligrinus
920 1164 1141 1200 Coloniensis
1166 1164 1464 1207 archiepiscopus,
1488 1164 1676 1198 invidiosis
1702 1167 1753 1198 vi-

357 1227 406 1260 ris
425 1226 630 1271 instigatus,
651 1224 794 1258 Heliam
814 1224 977 1258 abbatem
997 1222 1112 1271 voluit
1130 1223 1315 1266 expellere,
1342 1226 1377 1255 et
1396 1233 1517 1255 omnes
1536 1221 1659 1256 Scotos
1678 1234 1749 1256 mo-

358 1284 488 1317 nachos
507 1294 595 1327 quos
614 1293 733 1316 secum
750 1281 913 1316 habebat.
963 1281 1087 1315 Helias
1106 1281 1232 1315 Scotus
1247 1281 1366 1321 abbas,
1383 1281 1505 1315 statim
1523 1292 1603 1315 cum
1615 1283 1658 1316 de
1672 1284 1753 1316 aula

357 1341 572 1380 revertisset,
593 1340 684 1373 dixit
704 1351 785 1373 cum
804 1339 950 1373 caeteris
969 1338 1095 1379 Scotis‚
1122 1338 1159 1372 Si
1187 1338 1353 1373 Christus
1380 1339 1418 1372 in
1435 1338 1537 1372 nobis
1555 1340 1753 1385 peregrinis

357 1404 421 1439 est,
449 1409 633 1442 nunquam
660 1397 766 1431 vivus
792 1397 836 1430 ad
859 1396 1043 1430 Coloniam
1062 1397 1181 1430 veniet
1200 1396 1423 1441 Piligrinus3
1452 1400 1487 1430 et
1505 1396 1558 1430 ita
1574 1396 1753 1431 Dominus

358 1455 582 1500 complevit.’'
634 1454 809 1498 Pleraque
827 1453 949 1494 edidit,
979 1453 1039 1487 sed
1067 1454 1186 1487 omnia
1212 1454 1348 1498 periere
1374 1458 1516 1498 praeter
1542 1456 1752 1499 opusculum

357 1514 514 1552 unicum,

505 1570 560 1604 De
578 1569 765 1604 Scotorum
785 1569 1063 1614 Peregrinorum
1082 1568 1291 1602 Innocentia
1309 1570 1353 1602 ad
1372 1568 1641 1613 Imperatorem.

408 1628 576 1662 Florebat
593 1627 632 1661 in
650 1627 844 1661 Germania
861 1638 954 1660 anno
974 1635 1145 1660 MXXVII.
1174 1626 1348 1672 Sigebert.
1377 1627 1421 1661 In
1443 1628 1634 1662 discrimen
1653 1639 1753 1663 voca-

359 1692 416 1720 tus
444 1685 488 1720 ab
514 1685 777 1729 archiepiscopo
804 1683 1008 1718 Coloniensi
1025 1695 1119 1718 anno
1140 1693 1325 1718 MXXXIV.
1377 1684 1532 1719 Marian.
1589 1685 1689 1720 Obiit
1710 1696 1752 1720 11.

358 1744 438 1777 idus
465 1743 582 1787 April.
610 1754 703 1776 anno
734 1742 861 1775 salutis
890 1750 1030 1775 MXLII.
1060 1743 1182 1776 eodem
1213 1747 1367 1783 auctore,
1396 1747 1432 1777 et
1461 1747 1603 1787 praeter
1632 1755 1752 1778 rerum

358 1800 623 1834 Coloniensium
642 1800 844 1844 scriptores,
868 1799 1032 1834 meminit
1053 1799 1210 1834 Joannes
1235 1800 1356 1846 Major
1378 1801 1439 1835 lib.
1461 1810 1503 1834 ΙΙ.
1532 1801 1630 1836 Hist.
1658 1801 1752 1836 Scot.

359 1870 433 1902 cap.
454 1867 547 1891 XIII.
591 1857 718 1891 Arnol.
738 1857 860 1891 Uvion
877 1857 969 1891 libro
988 1866 1048 1891 111.
1069 1869 1151 1904 pag.
1172 1867 1354 1892 CXXXIII.
1373 1870 1524 1904 magnae
1543 1860 1753 1904 prudentiae

359 1921 392 1949 et
413 1915 615 1950 sanctitatis
633 1926 713 1949 eum
734 1919 848 1949 vocat.
902 1914 1043 1949 Colitur
1060 1916 1117 1950 die
1137 1924 1212 1950 XII.
1231 1915 1349 1961 April.
1402 1917 1536 1951 Uvion.

803 2013 839 2048 S.
868 2012 1175 2049 HIGBALDUS.
1230 2014 1311 2049 632.

360 2089 394 2122 S.
416 2088 675 2128 HIGBALDUS,
700 2088 776 2122 sive
795 2087 1031 2134 Higebaldus,
1050 2093 1113 2123 aut
1132 2089 1354 2124 Hucbaldus.
1407 2090 1509 2125 Beda
1525 2092 1587 2126 lib.
1608 2101 1661 2126 1v.
1681 2104 1753 2137 cap.

362 2155 420 2179 111.
448 2146 571 2180 Uvion
597 2146 658 2180 lib.
687 2155 747 2179 111.
775 2145 856 2191 Lig.
884 2145 991 2180 Vitae
1017 2157 1098 2193 pag.
1119 2156 1280 2181 cnxvn.
1336 2147 1460 2182 Abbas
1485 2150 1642 2194 primum
1667 2149 1753 2183 Lin-

360 2204 474 2237 dissae
492 2204 640 2243 insulae,
667 2215 706 2239 ac
724 2214 807 2237 mox
826 2204 1035 2248 episcopus:
1062 2205 1250 2249 utriusque
1276 2206 1427 2250 probata
1452 2218 1629 2251 apponam
1654 2208 1754 2241 testi-

362 2261 491 2294 monia.
549 2260 653 2299 Quod
681 2261 788 2294 abbas
816 2272 857 2295 eo
883 2262 950 2295 loci
978 2261 1099 2302 fuerit,
1126 2274 1170 2296 ex
1197 2263 1310 2297 Beato
1341 2263 1551 2297 Marcellino
1578 2265 1690 2309 liquet
1717 2266 1753 2298 in

361 2317 447 2351 Vita
477 2317 513 2351 S.
543 2316 725 2352 Suniberti
756 2318 870 2362 capite
898 2319 1005 2353 tertio
1036 2320 1131 2364 apud
1162 2319 1308 2354 Surium
1337 2325 1423 2354 tom.
1454 2330 1496 2354 11.
1530 2326 1551 2340 “
1577 2321 1754 2356 Audierat

360 2376 455 2420 quod
472 2375 510 2408 in
527 2375 711 2419 provincia
729 2375 915 2410 Lindissae
933 2383 1025 2411 esset
1049 2378 1306 2411 monasterium
1330 2377 1544 2419 Bearnense,
1569 2380 1625 2413 cui
1652 2391 1753 2425 prae-

360 2432 428 2466 fuit
457 2432 565 2467 abbas
597 2431 810 2479 Higbaldus,
837 2433 894 2467 vir
919 2435 1231 2470 mansuetissimus
1257 2440 1292 2470 et
1323 2436 1580 2478 sanctissimus,
1611 2439 1649 2472 in
1681 2450 1752 2483 quo
