2060 2848
703 262 879 295 GENTIS
900 261 1177 300 SCOTORUM‚
1203 262 1291 295 LIB.
1316 263 1417 295 XIX.
1693 262 1752 294 651

512 356 764 391 Ordinationes
783 355 962 389 Ecclesiae
981 367 1065 390 suae
1306 357 1366 391 lib.
1387 364 1414 390 1.

511 413 694 458 Epistolas
712 414 757 447 ad
775 413 946 456 Pipinum
969 412 1105 458 Regem
1128 412 1189 446 lib.
1216 422 1241 446 1.
1270 414 1327 447 cui
1351 413 1421 447 fuit
1444 424 1465 447 a
1488 412 1596 447 sacris
1620 411 1751 447 confes-

557 470 730 504 sionibus.
784 468 969 503 Arnoldus
987 469 1109 503 Uvion
1126 469 1187 503 lib.
1208 478 1250 503 11.
1269 469 1379 515 Ligni
1396 469 1502 505 Vitae
1520 480 1595 514 cap.
1615 477 1702 505 L111.

511 526 572 561 Ad
590 526 737 561 Fratres
756 526 897 560 Odiliae
1305 526 1367 561 lib.
1386 535 1413 561 1.

413 584 554 619 Floruit
571 595 665 618 anno
682 592 866 618 Dccnvn.

585 698 622 733 S.
649 696 1046 732 WILLIBRORDUS
1071 697 1151 732 ΑΡ.
1178 697 1224 732 Ε.
1250 707 1305 732 ΕΤ
1331 698 1372 732 F.
1427 696 1533 732 1168.

366 815 427 849 DE
446 815 482 849 S.
498 813 741 852 lVillibrordo,
755 812 947 846 Frisonum
961 812 1129 856 apostolo,
1144 811 1348 857 Sigebertus
1362 811 1623 846 Gemblacensis
1637 812 1749 847 Chro-

365 873 432 906 nic.
451 873 493 906 ad
514 882 647 905 annum
666 878 833 903 DCXCIV.
853 874 874 889 “
894 869 1045 914 Pipinus
1062 868 1284 909 Rabbodum,
1303 870 1427 903 ducem
1441 869 1643 910 Frisonum,
1657 870 1748 904 bello

366 930 462 970 vicit,
489 934 525 963 et
549 927 824 961 willibrordum
854 927 953 972 genti
980 927 1032 959 illi
1058 927 1102 960 ad
1128 926 1401 970 praedicandum
1427 927 1589 961 direxit.”
1639 927 1750 973 Angli

364 998 469 1020 suum
494 986 642 1024 faciunt,
665 989 708 1018 ut
733 985 858 1023 solent,
884 984 983 1017 nullo
1009 987 1241 1028 argument03
1270 983 1438 1017 Frisones
1463 984 1532 1017 sibi
1558 984 1749 1024 vindicant,

364 1044 423 1076 sed
441 1052 637 1087 perperam,
658 1040 814 1074 Suffrido
831 1040 930 1074 Petri
949 1044 1091 1073 auctore
1108 1040 1203 1084 apud
1221 1040 1357 1074 Anton.
1378 1040 1561 1075 Possevin.
1575 1040 1749 1084 Apparat.

363 1099 459 1133 Sacr.
491 1110 572 1144 pag.
605 1106 774 1132 ccxmx.
826 1096 895 1130 Sed
924 1108 989 1142 ego
1020 1097 1191 1130 vindicias
1221 1097 1416 1130 secundum
1447 1096 1600 1131 Scotiam
1637 1107 1750 1131 meam

365 1157 466 1191 dabo.
503 1156 640 1191 Hector
653 1154 826 1188 Boethius
842 1155 878 1188 in
893 1154 1133 1188 admonitione
1146 1154 1191 1187 ad
1207 1153 1405 1187 Historiam
1420 1153 1614 1188 Scoticam:
1633 1158 1654 1173 “
1668 1153 1751 1188 Plu-

364 1215 455 1248 rima
474 1225 495 1248 a
512 1224 569 1247 me
586 1213 717 1247 omissa
734 1211 858 1250 fateor,
882 1211 1013 1255 partim
1032 1222 1150 1244 rerum
1169 1211 1382 1256 ignorantia,
1402 1211 1533 1254 partim
1550 1211 1750 1256 indiligenti

365 1283 486 1306 earum
512 1270 693 1315 indagine,
719 1269 929 1313 praesertim
955 1269 994 1302 in
1019 1267 1164 1301 familiis
1194 1272 1229 1301 et
1259 1267 1346 1301 viris
1372 1267 1583 1308 illustribus,
1614 1268 1676 1312 qui
1707 1278 1751 1302 ex

365 1333 487 1363 nostra
517 1332 622 1374 gente
651 1326 762 1365 fuere,
789 1326 961 1370 nobisque
987 1325 1168 1370 ingentem
1194 1325 1344 1358 attulere
1370 1324 1601 1368 splendorem,
1628 1325 1748 1369 quales

366 1386 541 1425 Sedulius,
572 1384 742 1423 Levinus,
772 1381 942 1422 Judocus,
968 1381 1205 1420 Villebrodus,
1234 1380 1441 1420 Romaldus,
1472 1380 1653 1415 Martinus
1678 1381 1750 1415 his·

367 1444 510 1483 totiens,
530 1441 689 1486 plerique
707 1440 778 1480 alii,
802 1438 1081 1473 enumerandis.'‘
1131 1437 1256 1477 Extat,
1280 1438 1403 1472 edente
1428 1437 1584 1472 Henrico
1607 1438 1749 1472 Canisio

367 1507 452 1535 tom.
471 1508 526 1533 vx.
550 1498 743 1542 Antiquar.
771 1496 931 1531 Lection.
958 1507 1039 1542 pag.
1059 1503 1220 1530 CCCLXI.
1248 1495 1360 1541 elegia
1384 1494 1530 1530 Alcuini
1554 1495 1598 1529 de
1622 1494 1749 1541 Wilgi-

367 1570 405 1593 so
423 1561 569 1603 parente
587 1554 624 1590 S.
642 1554 879 1589 Willibrordi.

667 1633 780 1663 Nobilis
793 1633 844 1662 ille
857 1633 915 1661 fuit
929 1642 1032 1670 magna
1045 1631 1081 1660 de
1095 1636 1181 1670 gente
1194 1631 1331 1665 sacerdos,

709 1680 767 1709 Sed
780 1689 900 1718 magnus
914 1679 1006 1708 multo
1019 1678 1139 1707 nobilior
1151 1678 1270 1707 meritis.

674 1728 714 1756 Ut
727 1727 836 1755 dudum
851 1727 950 1759 cecini,
964 1725 1087 1754 fecunda
1101 1726 1250 1754 Britannia
1263 1730 1364 1758 mater,

709 1773 807 1802 Patria
821 1773 968 1801 Scotorum
983 1772 1058 1801 clara
1070 1772 1206 1810 magistra
1219 1772 1286 1804 suit,

671 1820 792 1849 Francia
806 1819 856 1848 sed
870 1819 941 1847 felix
955 1819 1059 1857 rapuit.

416 1898 519 1932 Clare
537 1896 616 1930 vult
634 1894 828 1939 &Vilgisum
846 1892 884 1925 in
908 1891 1026 1925 Scotia
1048 1892 1203 1925 tenuisse
1225 1891 1350 1931 filium,
1374 1891 1435 1925 ubi
1458 1891 1533 1935 ipse
1555 1892 1750 1927 adolescen-

370 1957 456 1989 tiam
479 1954 581 1987 bonis
612 1950 749 1985 artibus
780 1949 999 1983 addiscendis
1023 1949 1272 1992 impendisset:
1299 1949 1393 1992 quod
1415 1953 1451 1982 et
1473 1950 1615 1982 annales
1637 1949 1749 1984 nostri

369 2012 589 2049 confirmant,
605 2019 668 2042 nec
681 2012 787 2052 negat
802 2006 953 2039 Balaeus
966 2015 976 2044 ;
995 2005 1076 2038 licet
1084 2005 1228 2049 juratus
1242 2011 1277 2038 et
1290 2006 1414 2049 pietati
1427 2009 1463 2038 et
1476 2004 1612 2039 Scotiae
1625 2005 1748 2046 hostis,

370 2075 489 2103 tamen
502 2067 598 2100 hunc
610 2066 703 2099 inter
714 2064 903 2107 scriptores
916 2061 1037 2095 Scotos
1055 2061 1097 2107 [l.
1112 2060 1270 2107 Anglos]
1290 2073 1360 2095 non
1372 2066 1425 2095 est
1435 2073 1541 2095 ausus
1552 2073 1749 2096 numerare.

418 2124 474 2158 De
491 2124 569 2168 ejus
586 2121 788 2166 apostolatu
805 2119 887 2152 Ado
904 2117 1117 2152 Viennensis
1133 2122 1249 2152 aetate
1267 2127 1322 2152 VI.
1341 2130 1434 2152 anno
1452 2127 1616 2153 DCXCVI.
1644 2123 1666 2138 ‘⁶
1683 2119 1751 2153 Pa-

370 2193 415 2226 pa
444 2180 590 2226 Sergius
620 2177 800 2211 ordinavit
830 2175 1064 2209 venerabilem
1091 2175 1209 2208 virum
1235 2174 1518 2215 Willibrordum,
1544 2176 1751 2221 cognomine

371 2239 599 2277 Clementem,
626 2234 830 2268 Frisionum
855 2233 953 2278 genti
977 2231 1210 2275 episcopum-’⁹
1261 2230 1396 2265 Eadem
1423 2232 1467 2265 ad
1492 2232 1593 2266 illum
1617 2243 1750 2266 annum

372 2296 556 2330 Marianus
574 2293 723 2332 Scotus3
748 2291 868 2325 eadem
887 2294 922 2324 et
939 2289 1010 2328 alii,
1029 2288 1115 2323 etin
1128 2288 1184 2322 his
1199 2288 1363 2334 Rhegino
1382 2288 1600 2324 prumiensis
1617 2289 1748 2324 Chron.
