2118 2854
679 288 854 323 GENTIS
879 287 1156 325 SCOTORUM,
1182 287 1271 318 LIB.
1296 286 1392 318 VIII.
1666 284 1729 314 353

341 388 460 433 gicidii
479 390 672 430 suspectus,
693 395 735 417 ne
754 384 790 416 in
804 383 980 428 judicium
994 381 1137 426 quidem
1151 391 1249 414 more
1261 380 1378 424 patrio
1393 383 1550 418 vocatus,
1564 378 1726 412 inaudita

341 455 446 477 causa
463 453 653 486 suspensus
673 445 708 475 et
726 445 881 474 necatus.
934 439 1015 473 Sola
1033 437 1267 472 accusationis
1287 436 1425 476 umbra,
1452 435 1668 469 sacerdotem
1691 436 1729 468 in

342 511 439 534 sacra
457 499 674 533 confessione
692 499 729 532 id
747 509 790 531 ex
808 497 1011 541 poenitente
1035 496 1188 540 quodam
1211 494 1401 533 audivisse,
1428 493 1524 537 quod
1550 503 1614 536 pro
1633 492 1730 538 inge-

342 557 401 590 nio
419 567 484 590 suo
505 556 673 590 haeretici
688 555 880 589 finxerunt.
933 553 1055 599 Hujus
1073 552 1199 592 fatum,
1218 556 1319 586 tanto
1337 562 1421 585 sane
1439 550 1598 595 principe
1617 551 1731 595 indig-

342 625 440 653 num,
455 613 498 648 G.
515 613 755 647 Buchananus
769 613 861 646 salso
876 612 1143 657 epigrammate,
1161 610 1313 643 nimium
1331 608 1478 642 factioni
1495 607 1732 651 perduellium

342 671 515 711 addictus,
533 670 765 715 perstrinxit:

610 726 706 754 Restis
722 725 924 753 Hamiltonum
939 729 1032 757 necat,
1046 723 1122 752 ensis
1135 728 1169 752 ut
1184 728 1252 751 ante
1267 722 1419 751 Betonum.

395 784 480 818 Fuit
498 783 555 817 hic
573 795 703 829 magna
721 783 758 816 in
776 783 936 828 reginam
955 781 1121 816 afflictam
1141 781 1299 819 caritate,
1326 783 1361 813 et
1382 778 1494 813 veluti
1512 778 1658 812 unicum
1683 778 1736 812 in-

344 841 514 875 sanientis
532 841 715 874 haereseos
733 840 1038 884 impedimentum.
1091 837 1241 882 Scripsit

494 898 665 931 Rationes
684 908 747 931 cur
765 896 904 942 Regina
922 896 1059 930 Scotiae
1077 907 1149 930 non
1172 895 1314 929 deberet
1338 906 1374 929 se
1399 894 1479 929 fidei
1504 895 1738 935 Elizabethae

544 954 765 1000 Anglicanae
783 954 1004 988 committere
1213 952 1274 986 lib.
1295 961 1319 986 1.
1373 952 1587 998 Anonymus
1606 953 1740 987 Gallice

545 1012 698 1055 scriptor
719 1012 762 1044 de
788 1011 967 1055 Martyrio
994 1010 1132 1044 Mariae
1156 1009 1333 1050 Stuartae,
1356 1009 1516 1056 Reginae
1541 1010 1739 1050 Scotorum,

546 1069 662 1113 capita
680 1068 939 1102 dissertationis
957 1068 1032 1112 ipse
1050 1072 1217 1107 recenset,
1244 1067 1374 1112 quibus
1399 1067 1491 1101 nihil
1517 1068 1655 1102 doctius
1680 1074 1742 1102 aut

546 1126 721 1172 argutius.

400 1183 610 1218 Exstinctus
629 1189 682 1218 est
700 1184 892 1228 impiorum
911 1183 1086 1223 manibus,
1107 1187 1142 1216 et
1156 1182 1299 1227 pietatis
1318 1182 1464 1217 victima
1481 1184 1633 1218 concidit
1651 1195 1743 1218 anno

353 1250 534 1275 MDLXXI.
582 1241 675 1275 Vide
693 1241 737 1275 G.
753 1241 985 1280 Camdenum‚
1004 1245 1039 1274 et
1056 1240 1080 1273 J
1082 1240 1230 1275 acobum
1244 1239 1453 1287 Augustum
1474 1240 1668 1276 Thuanum
1682 1242 1742 1276 lib.

353 1308 404 1332 LI.
427 1299 618 1333 Histoi-iar.
639 1310 719 1345 pag.
740 1308 985 1333 Dcecxxxn.

763 1413 798 1447 S.
828 1411 1206 1447 HILDEBERTUS.
1259 1411 1342 1450 671.

356 1529 391 1562 S.
414 1527 728 1568 HILDEBERTUS‚
747 1529 936 1563 Scotorum
954 1527 1251 1572 archiepiscopus,
1279 1528 1399 1562 docuit
1417 1528 1544 1563 Caium
1563 1529 1748 1564 Sedulium

356 1586 556 1620 seniorem:
585 1587 687 1630 plene
706 1586 836 1620 Petrus
854 1586 915 1620 lib.
936 1595 992 1619 X1.
1012 1596 1087 1629 cap.
1108 1594 1226 1619 LXXI.
1278 1584 1429 1630 Scripsit

504 1643 687 1687 Epistolas
707 1644 752 1678 ad
770 1644 888 1677 varios
1244 1643 1306 1677 lib.
1327 1652 1352 1677 1.

505 1701 560 1734 De
579 1700 672 1735 felici
691 1701 871 1735 Ecclesiae
890 1700 996 1735 Statu
1247 1700 1308 1734 lib.
1329 1710 1354 1734 1.

505 1758 560 1792 De
578 1758 829 1793 Persecutione
848 1758 1005 1792 fidelium
1247 1758 1308 1792 lib.
1329 1767 1354 1792 ῐ.

503 1815 674 1850 Poemata
692 1827 792 1850 sacra
1249 1816 1310 1850 lib.
1331 1826 1355 1850 1.

411 1873 481 1906 Hic
498 1878 621 1917 postea
638 1873 676 1906 in
695 1873 820 1907 Galliis
840 1873 1116 1907 Cenomanensis
1135 1873 1331 1917 episcopus,
1357 1886 1397 1908 ac
1423 1886 1505 1909 mox
1532 1875 1752 1910 Turonensis

358 1930 652 1974 archiepiscopus,
684 1936 724 1965 ut
752 1936 806 1965 est
836 1932 931 1975 apud
964 1930 1183 1964 Gulielmum
1216 1930 1570 1967 Malmesburiensem
1601 1934 1661 1967 lib.
1699 1943 1751 1967 Π.

360 1998 441 2033 pag.
463 1996 590 2021 LXXV.
609 1988 751 2031 scripsit
771 1994 911 2032 praeter
928 1989 1072 2022 laudata
1093 1987 1182 2033 [alia
1199 1987 1359 2033 quoque]
1381 2001 1497 2033 opera,
1517 1996 1552 2024 et
1569 1991 1606 2024 in
1624 1991 1692 2031 his,

508 2044 562 2078 De
581 2044 778 2079 Concordia
798 2046 928 2079 veteris
946 2050 981 2079 et
999 2045 1083 2078 novi
1102 2044 1271 2078 Sacrificii
1336 2047 1395 2080 lib.
1418 2056 1442 2080 1.
1462 2058 1569 2081 versu
1586 2049 1751 2094 eleganti.

558 2101 702 2136 Laudat
739 2102 874 2135 Anton.
911 2102 1155 2136 Monchiacen.
1192 2101 1430 2137 Demochares
1465 2109 1551 2138 tom.
1585 2115 1645 2139 111.
1677 2117 1751 2151 cap.

560 2168 710 2192 XXXVI.
730 2170 810 2205 pag.
831 2168 960 2192 cxvii.

509 2216 563 2250 De
582 2216 697 2250 Roma
715 2227 839 2250 versus
857 2217 1086 2250 suavissimos
1171 2217 1231 2251 lib.
1254 2226 1278 2250 1.
1299 2222 1320 2236 “
1337 2217 1518 2253 Venustae
1536 2219 1753 2262 facundiae,”

561 2275 613 2307 ait
631 2274 724 2307 idem
743 2273 1072 2308 Malmesburiensis
1088 2285 1095 2308 :
1127 2276 1164 2309 in
1191 2277 1261 2309 alia
1287 2276 1441 2310 editione
1460 2283 1524 2318 est,
1553 2283 1573 2297 ‘⁶
1592 2283 1754 2313 vetustae

561 2330 779 2365 facundiae-'²
818 2331 1009 2376 Apponam
1021 2333 1205 2376 quosdam,
1217 2333 1311 2367 unde
1325 2333 1418 2373 Itali,
1431 2334 1611 2376 Germani,
1625 2335 1753 2369 Franci

561 2388 759 2423 hauserunt
775 2398 783 2421 ι
