2060 2848
378 327 442 357 382
773 324 1005 358 HISTORIA
1029 324 1403 357 ECCLESIASTICA

384 422 448 462 vit,
475 421 535 456 sed
560 425 638 455 tum
662 420 789 454 deinde
813 420 851 454 in
878 419 1099 454 Francorum
1125 420 1292 465 gratiam,
1311 420 1373 465 qui
1398 419 1559 466 graviter
1582 420 1627 454 ab
1651 418 1782 465 Anglis

383 478 657 519 infestabantur,
681 478 841 512 exercitu
865 478 1065 522 conscripto
1088 476 1261 523 Angliam
1285 478 1479 524 ingressus,
1508 477 1644 512 collatis
1671 477 1782 523 signis

383 537 428 571 ad
446 536 624 570 Floddum
642 536 774 576 vicum,
792 536 879 569 dum
898 536 1078 569 incautius
1097 535 1135 568 in
1158 535 1299 569 hostem
1318 539 1525 580 contemptu
1542 535 1691 579 periculi
1714 534 1784 569 fer-

382 599 453 635 tur,
481 605 554 628 non
582 594 761 628 destinato
793 593 867 627 ictu
898 594 1098 638 perimitur.
1164 592 1314 637 Scripsit
1342 595 1521 638 pleraque,
1554 598 1596 627 ut
1625 604 1666 627 eo
1696 602 1784 626 aevo

383 653 560 697 principes
578 652 700 686 literas
718 651 887 685 amabant
904 650 1075 691 afflictim,
1094 651 1155 685 sed
1173 655 1271 685 extat
1290 655 1443 690 tantum,
1462 651 1558 695 quod
1575 651 1697 691 sciam,

531 709 575 744 In
592 709 837 754 Apocalypsin
1224 709 1285 743 lib.
1306 717 1331 742 1.
1384 708 1608 743 Bibliotheca
1627 707 1783 742 Classica

579 779 662 814 pag.
683 776 766 801 CXI.

430 826 612 872 Regnavit
628 825 731 859 annis
750 832 850 857 XXV.
905 823 1006 857 Mors
1025 823 1151 857 incidit
1168 823 1207 856 in
1225 834 1360 857 annum
1381 831 1542 857 MDX111.

891 938 914 972 J
916 937 1128 972 ACOBUS.
1183 940 1226 976 71
1233 937 1266 972 6.

379 1057 401 1090 J
404 1064 559 1091 ACOBUS
576 1055 622 1091 V.
641 1055 738 1101 patri
756 1056 794 1089 in
812 1055 886 1089 acie
904 1066 1005 1088 caeso
1029 1065 1210 1089 successor
1235 1055 1477 1095 renunciatus,
1496 1056 1664 1090 laudabili
1685 1056 1782 1100 prin-

378 1116 496 1167 cipatu
513 1119 615 1161 gesto
634 1113 853 1148 Faklandiae
872 1113 1050 1146 moritur:
1077 1112 1180 1158 cujus
1200 1112 1424 1156 epitaphium
1444 1113 1510 1147 hoc
1529 1114 1686 1148 traditur
1704 1123 1712 1146 ε

682 1196 712 1225 Si
727 1206 788 1229 rex,
803 1195 826 1223 si
838 1195 955 1233 juvenis
969 1194 1163 1224 miserandum
1178 1195 1268 1223 funus
1282 1194 1369 1228 obivi,

720 1242 802 1278 Quid
816 1242 919 1271 doleo?
942 1243 1071 1276 minime,
1086 1242 1195 1280 quippe
1209 1241 1335 1270 ,Iacobus
1349 1251 1438 1271 eram.

681 1291 764 1319 Haec
777 1295 870 1329 pater,
884 1290 954 1318 haec
969 1290 1046 1318 atavi
1061 1289 1213 1318 subierunt
1227 1289 1289 1317 fata
1303 1289 1322 1317 J
1325 1289 1415 1322 acobi,

719 1338 793 1366 Tam
808 1337 870 1365 dira
883 1336 986 1365 infelix
1001 1337 1096 1365 omina
1109 1346 1214 1364 nomen
1228 1336 1325 1365 habet.

680 1385 724 1414 Ut
737 1385 834 1413 minus
847 1384 951 1412 infelix
965 1384 1018 1412 hoc
1032 1389 1147 1412 tantum
1163 1383 1264 1412 exulto
1277 1383 1415 1417 Jacobus,

716 1431 830 1460 Haeres
844 1431 943 1460 nullus
958 1437 1020 1460 erat
1034 1436 1097 1459 tum
1112 1430 1193 1465 mihi,
1208 1440 1274 1459 cum
1289 1430 1429 1459 caderem.

425 1517 518 1552 Erat
535 1517 588 1551 illi
606 1516 900 1551 amoenissimum
918 1515 1115 1562 ingenium,
1142 1516 1239 1561 quod
1263 1515 1308 1549 ab
1326 1527 1367 1550 eo
1385 1520 1551 1560 poemata
1567 1516 1692 1551 relicta
1711 1521 1780 1551 tes-

376 1581 526 1616 tantur3
554 1585 708 1620 quorum
728 1585 794 1620 ego
811 1578 954 1608 tantum
973 1574 1048 1607 vidi

524 1633 580 1667 De
610 1631 759 1666 Choreis
786 1631 931 1665 rusticis
970 1630 1266 1672 Fakirkensibus,
1304 1642 1388 1676 epos
1419 1633 1619 1673 vernacule,
1659 1632 1719 1667 lib.
1751 1642 1776 1666 1.

575 1701 647 1735 quo
665 1689 755 1723 nihil
774 1688 994 1734 ingeniosius
1013 1693 1076 1723 aut
1103 1687 1230 1723 Graeci
1256 1693 1319 1723 aut
1345 1688 1469 1723 Latini
1495 1693 1674 1725 ostentare
1699 1701 1778 1735 pos-

572 1752 667 1782 sunt.
721 1746 823 1781 Obiit
840 1758 934 1780 anno
954 1755 1124 1780 MDXLII.

887 1844 912 1878 J
913 1844 1124 1879 ACOBUS.
1177 1847 1261 1883 717.

374 1922 555 1956 JACOBUS
573 1920 638 1955 VI.
666 1920 791 1954 Jacobi
811 1919 856 1954 V.
884 1930 928 1953 ex
955 1919 1075 1953 Maria
1099 1918 1272 1954 Franciae
1297 1920 1448 1961 dotaria,
1477 1920 1616 1955 Scotiae
1638 1922 1774 1968 regina,

374 1991 495 2024 nepos,
527 1979 670 2025 genitus
702 1978 860 2012 Henrico
893 1976 1039 2011 Stuarto
1069 1977 1206 2018 Darlio,
1243 1977 1421 2012 Matthaei
1456 1978 1638 2013 Lenoxiae
1669 1981 1777 2014 comi-

373 2038 420 2072 tis
435 2037 477 2072 F.
510 2037 554 2071 In
572 2036 674 2071 cunis
692 2040 894 2075 coronatuS,
913 2035 1069 2069 cessione
1086 2046 1150 2080 per
1167 2035 1267 2070 nefas
1286 2039 1322 2070 et
1340 2036 1414 2069 vim
1433 2048 1454 2070 a
1472 2041 1597 2077 matre,
1617 2041 1696 2072 tum
1710 2038 1777 2072 sub

374 2095 535 2130 custodia
560 2095 715 2134 detenta,
742 2104 806 2138 per
831 2093 999 2127 factiosos
1026 2097 1178 2133 extorta,
1206 2093 1265 2127 hic
1293 2093 1546 2129 florentissima
1574 2095 1635 2129 illa
1665 2106 1776 2141 regna

372 2158 445 2187 tam
477 2152 600 2187 multis
632 2152 770 2192 seculis,
800 2156 875 2185 tam
904 2151 1019 2185 multo
1048 2151 1220 2195 utrinque
1248 2151 1330 2186 fuso
1358 2153 1534 2198 sanguine
1565 2164 1776 2187 concurren-

371 2211 435 2250 tia,
453 2210 651 2244 invincibili
667 2210 764 2254 pacis
778 2210 898 2244 studio
916 2208 1116 2254 conjunxit,
1135 2208 1419 2254 Britanniaeque
1437 2210 1585 2244 titulum
1605 2210 1772 2256 Magnae,

372 2267 542 2311 depositis
574 2267 712 2301 Scotiae
738 2272 773 2301 et
799 2266 954 2313 Angliae
984 2267 1294 2311 appellationibus,
1321 2279 1469 2301 nummo
1495 2279 1663 2312 percusso
1692 2279 1772 2302 cum

370 2324 438 2358 hoc
455 2324 581 2370 elogio,
600 2324 768 2357 FAcrAM
788 2333 861 2357 Eos
881 2333 926 2357 lx
949 2331 1132 2358 GENTEM
1147 2332 1284 2364 UNAM,
1299 2325 1504 2369 assumpsit.
1547 2326 1679 2360 Omnia
1693 2337 1772 2370 ope-

372 2393 413 2416 ra
446 2382 485 2415 in
519 2392 632 2415 unum
667 2392 795 2426 corpus
830 2383 976 2417 collecta
1003 2386 1038 2415 et
1069 2382 1209 2428 digesta
1237 2381 1436 2416 Latinitate
1468 2382 1615 2418 donavit
1644 2392 1705 2417 CL.
1736 2392 1772 2417 V.

369 2437 529 2474 Thomas
561 2438 697 2474 Reidus
725 2439 1004 2480 Aberdonensis,
1036 2439 1212 2484 pueritiae
1243 2450 1342 2474 meae
1373 2440 1602 2475 scholasticae
1629 2442 1772 2487 collega,
