2060 2848
374 329 435 359 430
753 327 986 360 HISTORIA
1010 326 1384 360 ECCLESIASTICA

856 478 892 513 S.
920 478 1152 514 LACINUS.
1206 481 1289 517 792.

376 595 411 630 S.
444 595 637 634 LACINUS,
670 604 732 628 seu
759 593 943 634 Lacfinus,
971 594 1155 638 episcopus
1187 593 1324 633 Scotus‚
1350 592 1389 626 in
1415 593 1533 637 patria
1563 604 1628 628 sua
1657 594 1769 630 fidelis

374 653 527 698 pastoris
554 656 673 696 partes
694 651 867 696 implevit,
895 650 1014 684 Pictos
1041 651 1086 684 ad
1112 651 1292 684 meliorem
1319 650 1414 684 vitae
1439 661 1601 684 normam
1627 663 1769 686 revoca-

375 712 440 750 vit,
466 710 662 754 plurimum
693 709 731 742 in
757 708 974 742 insularibus
999 709 1202 742 erudiendis
1229 718 1333 741 curae
1359 718 1399 740 ac
1425 707 1555 741 laboris
1581 709 1767 753 impendit.

374 767 503 802 Nescio
534 777 596 800 cur
627 766 805 800 Henricus
834 765 1034 799 Fitzsimon
1057 765 1243 799 Societatis
1267 764 1356 801 «Iesu
1386 775 1467 798 eum
1495 765 1667 800 Hibernis
1693 768 1767 800 suis

374 825 525 863 donarit,
569 834 649 856 cum
694 823 819 856 Petrus
855 822 1020 856 canisius
1061 827 1097 856 et
1131 821 1433 867 Martyrologium
1469 821 1768 857 Carthensianum

373 893 454 915 eum
472 881 609 914 Scotiae
627 880 841 926 adjudicent.
894 879 1012 923 Opera
1030 880 1086 913 vel
1108 890 1181 913 non
1207 879 1330 919 edidit,
1355 880 1410 913 vel
1435 879 1480 913 ad
1504 891 1568 913 nos
1592 891 1664 914 non
1690 892 1768 925 per-

372 942 557 973 venerunt.

420 995 550 1030 Annus
567 995 734 1029 incertus.
787 993 927 1029 Colitur
944 1003 1033 1028 Xlx.
1052 999 1086 1028 et
1106 1003 1177 1027 XX.
1197 993 1335 1027 Martii.
1389 993 1503 1028 Iidem
1522 999 1695 1030 auctores.

875 1109 912 1143 S.
939 1108 1122 1143 LESMO.
1176 1110 1258 1147 793.

371 1227 406 1261 S.
425 1226 581 1265 LESMO,
599 1225 706 1259 abbas
724 1225 762 1259 in
780 1223 960 1258 montibus
978 1223 1171 1270 Argadiae‚
1191 1234 1263 1257 non
1280 1225 1386 1270 longe
1409 1225 1624 1259 monasterio
1649 1225 1684 1259 S.
1705 1226 1765 1261 Fi-

370 1284 453 1325 lani,
490 1288 612 1328 postea
645 1283 683 1316 in
727 1282 933 1316 Glentanire
976 1282 1133 1321 eremita,
1177 1282 1279 1327 cujus
1322 1283 1539 1326 praeclaram
1580 1294 1766 1318 conversa-

372 1342 505 1375 tionem
524 1345 668 1375 servant
685 1341 762 1374 loca
784 1340 822 1373 in
846 1339 987 1382 Scotia3
1013 1339 1051 1372 in
1077 1338 1260 1382 provincia
1278 1338 1399 1383 Stryla
1417 1338 1644 1380 Killesmont,
1663 1342 1764 1385 quasi

371 1396 561 1432 Lesmoni-s·
590 1395 690 1437 cella,
718 1397 878 1430 Thomae
904 1396 1107 1440 Dempsteri
1134 1406 1174 1429 ac
1203 1396 1395 1441 majorum,
1427 1407 1505 1429 cum
1538 1407 1627 1437 arce,
1654 1399 1765 1442 patri-

371 1456 530 1490 monium
545 1466 554 1496 ;
574 1455 611 1488 in
625 1454 786 1500 Argadia
800 1453 958 1494 Kilmon,
973 1457 1137 1497 corrupte
1150 1464 1215 1497 pro
1229 1452 1439 1494 Killesmon,
1453 1464 1563 1497 prope
1576 1453 1762 1496 Touuart;

369 1514 407 1547 in
432 1513 635 1546 Glascoensi
660 1523 746 1557 agro
772 1511 1008 1556 Lesmohago,
1034 1511 1116 1544 licet
1141 1510 1340 1544 haereticus
1366 1511 1557 1545 historicus
1584 1513 1763 1547 somnium

369 1570 491 1616 fingat,
523 1574 565 1603 ut
596 1570 642 1603 sit
672 1581 690 1602 e
722 1568 856 1602 Gallico
882 1566 1018 1613 l'e'glise
1043 1565 1088 1601 de
1113 1565 1276 1607 Muthul,
1313 1568 1389 1601 sive
1419 1569 1563 1602 ecclesia
1593 1569 1761 1611 Mathuli,

368 1629 466 1662 nulla
484 1638 611 1661 vocum
629 1626 769 1660 vicinia.
820 1625 915 1659 Acta
932 1625 1061 1665 omnia,
1080 1630 1253 1669 quantum
1273 1625 1393 1663 sciam,
1411 1626 1636 1661 interierunt.

418 1684 523 1719 Vixit
540 1684 718 1718 confessor
735 1695 828 1718 anno
847 1691 1048 1716 DCCXXXI.
1100 1681 1240 1716 Colitur
1258 1691 1314 1716 1x.
1333 1682 1549 1718 Decembris.

844 1797 880 1832 S.
907 1797 1144 1832 LEVINUS.
1197 1800 1281 1836 794.

369 1914 405 1948 S.
425 1914 626 1954 LEVINUS,
643 1917 876 1960 cognomento
894 1912 1019 1947 Senior
1036 1913 1080 1947 ab
1098 1918 1212 1948 aetate
1237 1925 1311 1954 sua,
1339 1919 1375 1948 et
1400 1914 1506 1949 simul
1524 1921 1683 1960 tempore
1702 1919 1760 1952 de-

369 1976 523 2016 sumpto,
567 1971 751 2016 episcopus
786 1971 823 2004 in
855 1970 961 2005 Italia
995 1969 1262 2016 Transpadana,
1297 1972 1385 2006 urbe
1419 1973 1549 2006 resedit
1583 1972 1760 2010 Verbanis

367 2029 480 2063 Laeui
499 2028 659 2063 Maximo
683 2029 865 2073 appositis.
918 2027 973 2062 De
990 2028 1056 2062 hoc
1073 2040 1179 2073 porro
1197 2030 1286 2069 lacu,
1313 2041 1418 2074 quem
1445 2031 1554 2076 vulgo
1580 2033 1758 2076 appellant

365 2084 395 2119 il
409 2084 519 2132 Lago
536 2084 752 2132 Maggiore,
775 2085 906 2132 Virgil.
931 2085 991 2119 lib.
1015 2094 1058 2119 11.
1082 2085 1244 2133 Georgic.
1263 2092 1305 2122 ut
1321 2089 1436 2132 placet
1452 2087 1633 2130 Varrerio,
1652 2090 1758 2124 corri-

366 2145 502 2190 gendus
519 2145 589 2178 levi
607 2155 713 2188 opera
727 2154 735 2177 z
1727 2153 1730 2155 ’

664 2236 751 2263 Anne
764 2234 843 2263 lacus
856 2236 974 2263 tantos?
996 2240 1026 2264 te
1041 2234 1119 2268 Lari,
1139 2235 1277 2269 Maxime,
1293 2241 1389 2275 teque,

664 2281 816 2310 Fluctibus
830 2287 860 2310 et
875 2282 993 2311 fremitu
1007 2292 1167 2321 assurgens,
1182 2283 1304 2317 Benace,
1319 2283 1451 2312 marino?

366 2371 472 2405 Prius
500 2375 575 2405 erat
604 2374 637 2405 te
663 2369 761 2405 Lari
790 2370 951 2406 maxime.
1003 2371 1055 2407 Et
1086 2372 1245 2407 Levinus
1272 2373 1415 2418 quidem
1439 2380 1579 2409 nostras
1607 2378 1755 2420 populos

362 2428 445 2463 huic
471 2429 563 2463 laeui
593 2429 727 2463 vicinos
755 2430 806 2463 ita
836 2430 992 2464 erudivit
1019 2431 1191 2475 exemplo,
1219 2435 1261 2465 ut
1286 2431 1370 2477 jure
1397 2432 1552 2478 regionis
1583 2438 1753 2477 patronus
