2060 2848
655 314 830 347 GENTIS
853 314 1130 353 SCOTORUM‚
1153 315 1240 348 LIB.
1265 315 1380 348 xvn.
1638 316 1702 345 585

330 421 422 450 rum,
441 408 502 454 qui
521 418 631 452 supra
647 408 714 442 hoc
730 418 835 452 opere
851 407 1052 443 laudantur.
1103 407 1251 452 Scripsit

475 464 520 498 In
537 475 658 499 omnes
676 464 837 498 Psalmos
1232 464 1292 498 lib.
1311 472 1367 497 lx.
1419 463 1700 497 Scotichronicon

526 520 587 555 lib.
606 529 646 554 x.
664 531 741 565 cap.
761 529 803 554 11.

475 577 728 611 Meditatioues
1234 577 1293 611 lib.
1314 587 1340 611 1.

378 634 544 669 Florebat
569 634 636 668 sub
664 635 854 678 appulsum
880 633 916 668 S.
944 633 1074 679 Reguli
1103 645 1148 668 ex
1174 632 1312 668 Achaia
1335 633 1373 667 in
1399 632 1586 667 Albionem
1613 644 1703 666 anno

329 700 521 726 eccnxnt.
575 690 709 725 Hector
726 690 898 725 Boethius
915 690 977 724 lib.
996 698 1051 724 v1.
1070 689 1206 724 Histor.
1226 690 1318 725 Scot.
1338 701 1417 736 pag.
1437 698 1499 723 cv,

746 803 908 839 DAVID
934 802 1130 838 SCOTUS.
1184 804 1274 836 1051
1282 827 1289 835 .

332 918 469 952 DAvm
488 918 625 958 Scotus,
645 917 853 952 Parisiensis
870 917 1057 962 professor,
1075 917 1296 952 Dumblanae
1312 923 1429 958 natus,
1448 919 1585 962 scripsit

479 974 679 1009 Historiam
696 973 838 1008 Decreti
857 973 1031 1014 Gratiani,
1049 985 1137 1018 opus
1155 974 1438 1019 incomparabile,
1455 975 1515 1008 lib.
1535 983 1623 1008 vu1.

381 1030 584 1075 Adoptatus
606 1035 668 1065 'est
696 1030 736 1064 in
761 1030 976 1064 academiam
999 1030 1234 1065 Parisiensem
1261 1042 1353 1065 anno
1380 1040 1526 1065 MDle.
1557 1031 1643 1065 obiit
1671 1032 1706 1065 in

334 1088 451 1131 legum
468 1086 732 1131 pontificiarum
749 1086 879 1120 ibidem
897 1086 1123 1131 professione,
1142 1098 1234 1121 anno
1254 1096 1468 1122 MDLxxlu.

622 1198 893 1235 ROBERTUS
918 1199 1261 1235 STRALOCHUS.
1314 1203 1419 1234 1052.

334 1315 554 1348 ROBER'rUs
580 1313 784 1348 Stralochus
810 1313 1072 1349 Aberdonensis
1098 1319 1133 1349 et
1162 1315 1238 1359 ipse
1267 1314 1447 1349 Lutetiam
1477 1325 1541 1350 suo
1570 1316 1711 1361 ingenio

335 1370 538 1411 illustravit,
556 1382 651 1411 nam,
665 1382 747 1405 cum
763 1371 901 1417 ingenti
918 1371 1157 1405 studiosorum
1176 1371 1434 1405 adolescentum
1452 1382 1620 1406 concursu
1636 1372 1711 1417 phi-

336 1427 532 1472 losophiam
547 1427 735 1467 docuisset,
752 1427 895 1472 scripsit

486 1484 728 1519 Praefationes
758 1485 918 1518 solennes
947 1485 993 1518 ad
1026 1484 1218 1519 Auditores
1254 1496 1334 1520 suos
1396 1485 1454 1519 lib.
1488 1495 1511 1520 1.
1577 1486 1714 1519 Prodiit

535 1541 630 1585 typis
650 1540 797 1575 Henrici
815 1540 1106 1586 Stephaniopus.
1604 1581 1623 1586 ,⁴

485 1597 744 1642 Compendium
762 1597 873 1632 totius
891 1597 1140 1642 Philosophiae
1397 1600 1457 1635 lib.
1477 1608 1552 1633 1111.

386 1654 544 1689 Docebat
574 1665 668 1688 anno
700 1663 880 1688 MDLxlx.
932 1654 1033 1689 Obiit
1067 1655 1104 1689 in
1138 1654 1255 1690 Scotia
1290 1656 1497 1690 medicinam
1533 1657 1715 1690 chimicam

340 1723 516 1746 exercens.

761 1823 920 1858 SIMON
945 1824 1141 1859 SIMSON.
1196 1827 1300 1859 1053.

341 1941 477 1974 sfflox
507 1940 650 1973 Simson
679 1939 771 1973 eirca
799 1938 919 1972 eadem
951 1942 1109 1982 tempora
1139 1940 1327 1974 Dunkelda
1357 1940 1510 1974 Parisios
1541 1942 1647 1979 venit,
1678 1953 1717 1973 ac

340 1998 404 2032 diu
430 1996 691 2041 philosophiam
718 1995 845 2030 celebri
874 1995 971 2030 fama
999 1995 1189 2039 professuS,
1220 1996 1328 2042 Lycei
1360 1997 1511 2031 Plessaei
1541 1998 1718 2043 gymnasi-

342 2053 448 2089 archa
465 2053 683 2099 aliquandiu,
699 2053 825 2087 deinde
843 2059 987 2087 actuosa
1003 2053 1064 2086 illa
1081 2052 1156 2087 vita
1172 2054 1335 2097 seposita,
1356 2054 1547 2087 dulciorem
1564 2054 1718 2098 quietem

344 2112 491 2150 censuit,
524 2121 632 2155 quam
665 2110 704 2144 in
737 2109 953 2144 Aremoricis
982 2114 1117 2149 nactus,
1148 2109 1356 2144 Sorbonicae
1385 2110 1562 2144 facultatis
1593 2111 1718 2148 socius.

344 2173 378 2202 et
405 2167 441 2202 S.
468 2167 663 2213 theologiae
688 2167 822 2201 doctor.
872 2166 1107 2201 Demochares
1132 2171 1217 2200 tom.
1246 2176 1305 2200 111.
1331 2178 1411 2213 pag.
1442 2176 1546 2200 xlix.
1602 2167 1718 2211 Scrip-

346 2225 392 2260 sit

495 2281 692 2316 Historiam
709 2281 923 2316 Jacoborum
949 2280 1009 2314 lib.
1031 2289 1083 2314 vl.
1102 2292 1189 2325 opus
1208 2291 1338 2321 rarum,
1365 2281 1459 2314 fama
1477 2281 1623 2326 dignum
1645 2280 1717 2325 [et]

542 2338 817 2372 immortalitate.

1003 2395 1024 2426 2
1045 2401 1071 2427 N
