2060 2848
693 277 869 310 GENTIS
891 277 1165 317 SCOTORUM,
1190 278 1278 310 LIB.
1304 278 1435 311 XVIII.
1694 279 1756 310 635

373 372 552 418 religionis
569 370 772 405 Catholicae
789 370 1025 405 formidolosis
1051 372 1268 416 temporibus
1294 372 1503 416 praecipuus
1528 376 1689 412 assertor,
1716 378 1750 405 et

372 430 493 463 beatae
510 427 647 462 Mariae
663 428 818 472 reginae,
838 428 1079 462 sanctissimae
1095 427 1257 469 feminae,
1281 429 1412 462 vindex
1429 428 1629 468 acerrimus,
1652 429 1748 462 illam

314 521 317 523 ,
373 487 409 519 ὶιι
426 484 596 531 Angliam
615 488 768 518 secutus.
820 483 971 527 Scripsit

518 541 704 575 Scotorum
719 540 917 574 Historiam
932 541 993 574 lib.
1010 549 1081 574 xx.
1127 539 1211 575 Non
1227 541 1361 586 prodiit
1377 542 1472 586 quod
1490 541 1608 581 sciam,
1628 542 1687 575 sed
1705 543 1753 575 la-

567 602 620 632 tet
637 597 765 640 alicubi
783 609 983 642 suppressa.

519 655 562 688 In
580 654 754 689 Galenum
772 654 1047 689 Observationes
1158 655 1218 689 lib.
1240 664 1264 689 1.

516 712 571 745 De
588 712 779 757 Sanguinis
798 710 969 745 Missione
1160 712 1220 746 lib.
1242 721 1267 745 1.

515 768 570 802 De
587 769 740 802 Animae
757 768 964 802 Substantia
1161 769 1221 803 lib.
1242 777 1266 802 1.
1293 768 1438 804 Brunus
1456 770 1494 803 in
1512 769 1748 804 Collectaneis.

422 826 562 860 Florm't
579 836 672 859 anno
692 833 822 859 MDxc.

676 922 931 957 GEORGIUS
957 922 1230 958 TAMSONUS
1256 923 1298 958 P.
1352 925 1454 958 1152.

371 996 581 1030 GEORGIUS
599 996 813 1034 Tamsonus,
833 997 890 1030 vir
911 997 992 1041 pius
1015 1007 1055 1030 ac
1073 997 1288 1037 Catholicus‚
1314 1008 1359 1031 ex
1377 997 1496 1031 schola
1515 997 1628 1042 Tyrii,
1647 1003 1692 1039 et,
1711 1004 1752 1033 ut

368 1058 467 1097 puto,
495 1054 580 1087 dum
611 1053 727 1087 adhuc
752 1054 919 1087 secularis
944 1058 1046 1094 esset,
1073 1055 1215 1100 collega,
1241 1054 1366 1088 deinde
1392 1054 1569 1088 societatis
1595 1055 1750 1100 ejusdem

370 1110 563 1155 presbyter,
582 1111 724 1155 scripsit

517 1167 572 1202 De
589 1168 817 1212 Antiquitate
834 1167 1036 1201 Catholicae
1055 1168 1251 1213 Religionis
1270 1169 1364 1213 apud
1387 1168 1509 1203 Scotos
1535 1168 1594 1202 lib.
1615 1178 1639 1202 1.
1691 1169 1751 1202 Vi-

565 1226 647 1259 dere
664 1236 736 1259 non
753 1225 913 1270 contigit,
931 1225 997 1258 etsi
1015 1224 1218 1269 Apparatui
1235 1236 1300 1260 suo
1319 1225 1532 1260 Possevinus
1550 1226 1747 1260 inseruerit.

419 1281 559 1316 Floruit
577 1293 669 1316 anno
688 1290 847 1315 MDxev.

579 1379 835 1434 GEORGIUS
861 1378 1135 1414 TAMSONUS
1161 1389 1312 1420 ALTER,
1334 1379 1382 1413 Η.
1436 1381 1542 1413 1153.

371 1453 582 1487 GEORGIUS
600 1453 802 1487 Tamsonus
820 1453 920 1492 alter,
938 1452 999 1486 sed
1016 1453 1090 1487 solo
1107 1454 1249 1487 nomine
1267 1453 1375 1497 priori
1394 1453 1529 1492 similis,
1556 1452 1749 1487 Calvinista

369 1511 541 1554 impurus,
559 1510 597 1543 in
615 1509 740 1543 Galliis
758 1510 822 1543 diu
840 1514 1013 1543 versatus.
1066 1509 1158 1555 Ejus
1177 1515 1273 1550 sunt,
1291 1521 1356 1555 ego
1374 1510 1447 1543 vidi
1464 1514 1604 1543 tantum

515 1566 783 1601 Controversias
802 1566 1000 1612 Religionis
1019 1566 1151 1601 Gallice
1168 1568 1228 1601 lib.
1248 1577 1273 1601 1.
1292 1578 1380 1612 opus
1398 1568 1595 1600 scelestum.

519 1623 562 1657 In
587 1623 684 1658 Justi
706 1623 821 1667 Lipsii
849 1623 998 1657 Politica
1023 1624 1084 1657 lib.
1104 1634 1128 1658 1.
1181 1624 1378 1669 Respondit
1403 1624 1557 1667 Lipsius,
1584 1623 1643 1656 sed
1670 1634 1748 1657 eum

565 1691 636 1714 non
654 1681 864 1720 nominavit,
881 1692 990 1724 quare
1009 1681 1066 1714 ille
1084 1681 1294 1727 commotior
1311 1670 1426 1714 denuo
1450 1680 1571 1713 stilum
1592 1680 1747 1719 strinxit,

565 1742 600 1771 et
617 1738 791 1781 percurrit
808 1738 973 1781 pleraque
991 1736 1065 1783 ejus
1084 1750 1189 1782 opera
1206 1738 1386 1772 saltuatim
1404 1737 1469 1771 hoc
1490 1737 1602 1782 elogio
1619 1736 1725 1770 libelli
1739 1747 1746 1769 z

562 1794 740 1828 Censurae
757 1794 795 1827 in
812 1794 932 1837 Opera
948 1793 972 1826 J
974 1795 1045 1827 usti
1063 1794 1178 1838 Lipsii
1203 1795 1262 1827 lib.
1283 1804 1308 1827 1.
1374 1836 1376 1838 Ι

517 1851 561 1884 In
577 1850 674 1884 Justi
692 1849 805 1894 Lipsii
823 1850 954 1884 Divam
974 1850 1177 1884 Hallensem
1204 1850 1263 1884 lib.
1283 1859 1309 1883 1.

516 1907 558 1941 In
572 1907 595 1940 J
597 1907 668 1941 usti
682 1907 796 1951 Lipsii
811 1906 942 1941 Divam
957 1906 1188 1951 Aspricollem
1203 1907 1262 1940 lib.
1282 1916 1308 1940 1.
1359 1906 1441 1940 Duo
1459 1910 1542 1940 sunt
1561 1906 1600 1939 in
1622 1905 1747 1951 Belgio

565 1965 640 1998 loca
656 1965 717 1998 ubi
736 1975 865 2009 magna
882 1964 1132 1997 miraculorum
1155 1963 1353 2008 frequentia
1376 1962 1470 1997 Diva
1492 1962 1605 2008 Virgo
1627 1963 1672 1996 ab
1694 1963 1746 1995 in-

564 2022 721 2055 credibili
739 2021 860 2065 populi
879 2031 1051 2054 concursu
1068 2020 1334 2064 frequentatur3
1353 2032 1394 2054 ea
1410 2020 1579 2053 miracula
1597 2020 1653 2052 vir
1665 2019 1744 2063 pius

564 2079 691 2113 ultima
708 2082 847 2112 senecta
869 2078 1045 2117 describit,
1071 2078 1266 2111 haereticus
1292 2078 1525 2122 propudiosus
1551 2076 1684 2115 irridet,
1711 2082 1746 2109 et

564 2136 728 2169 scelerate
747 2135 943 2180 impugnat.
1247 2177 1249 2179 ι

515 2191 663 2226 Joannis
689 2191 823 2235 Naperi
849 2191 1093 2225 Merchistonii
1117 2190 1418 2225 Commentarium
1442 2191 1480 2224 in
1505 2189 1744 2234 Apocalypsin

526 2283 530 2286 ,
569 2248 700 2282 Gallice
717 2249 836 2288 vertit,
855 2253 890 2282 et
907 2260 977 2282 non
995 2248 1086 2282 bona
1102 2248 1180 2288 fide,
1197 2248 1257 2281 lib.
1277 2257 1302 2282 1.

419 2307 518 2341 Obiit
537 2305 784 2340 Chastinereae
802 2305 839 2339 in
857 2305 1062 2339 Pictonibus
1081 2315 1173 2339 anno
1192 2313 1370 2339 MDcvnI.
1389 2309 1451 2340 aut
1469 2304 1615 2338 circiter.
