2060 2848
373 281 435 312 618
759 282 992 315 HISTORIA
1016 282 1390 316 ECCLESIASTICA

377 381 589 422 sanctaeque
623 378 917 418 conversationis,
951 389 1033 412 cum
1067 378 1213 413 obiisset
1247 378 1449 413 Richardus
1477 379 1663 424 episcopus
1695 379 1774 413 Mo·

379 435 510 475 raviae,
533 435 572 468 in
595 434 673 481 ejus
699 436 816 471 locum
841 446 974 482 magno
999 436 1083 470 cleri
1109 447 1283 471 consensu
1308 437 1450 477 electus,
1478 447 1519 471 ae
1545 446 1585 470 x.
1612 437 1774 471 calendas

380 491 567 526 Februarii
594 492 632 527 in
659 494 791 538 templo
819 493 1093 538 metropolitano
1119 494 1155 528 S.
1180 493 1348 528 Andreae
1370 499 1607 529 consecratus.
1660 494 1776 538 Scrip-

527 608 833 644 Reformationem
852 608 947 643 Cleri
1321 609 1382 644 lib.
1403 618 1430 644 1.

527 665 583 700 De
600 666 700 712 regia
716 666 753 700 S.
772 665 955 700 Malcolmi
974 665 1203 701 Successione
1320 667 1381 701 lib.
1403 676 1428 701 1.

526 723 570 757 In
588 722 771 768 Epistolas
789 723 894 757 Pauli
1321 724 1383 758 lib.
1402 732 1457 758 VI.

427 779 574 815 Electus
593 785 647 815 est
672 780 781 815 abbas
807 791 901 814 anno
927 789 1108 814 MCLXXI.
1135 785 1363 815 consecratus
1386 786 1441 816 est
1465 792 1559 816 anno
1579 790 1775 816 MCLXXH.

379 837 666 871 Scotichronicon
683 837 745 872 lib.
765 846 855 872 VI11.
874 848 949 882 cap.
965 846 1033 872 xv.
1052 842 1087 872 et
1105 848 1181 882 cap.
1197 846 1283 872 XVI.
1311 838 1413 874 Obiit
1427 850 1521 874 anno
1536 848 1777 874 MCLxxxw.

379 894 668 930 Scotichronicon
685 895 746 929 lib.
766 904 856 930 v111.
875 906 951 940 cap.
972 904 1129 930 xxxnl.

785 1009 1001 1045 THOMAS
1026 1010 1207 1046 ABBAS.
1263 1014 1281 1045 1
1289 1013 1371 1049 137.

382 1132 402 1146 ·‘
422 1126 600 1161 'rnoms
618 1126 726 1161 abbas
744 1126 787 1161 de
807 1126 996 1165 Londoris‚
1014 1126 1072 1160 vir
1090 1137 1239 1172 magnae
1258 1127 1493 1168 sanctitatis,''
1512 1128 1562 1162 ait
1580 1127 1776 1162 Scotichro-

380 1185 484 1219 nicon
501 1185 562 1219 lib.
583 1193 623 1218 x.
642 1196 717 1229 cap.
737 1193 895 1218 xxxm.
915 1183 1031 1218 factus
1050 1195 1094 1218 ex
1112 1184 1287 1218 monacho
1304 1184 1500 1219 Calcoensi.
1553 1185 1704 1230 Scripsit

527 1242 621 1276 Acta
638 1241 790 1276 Guidois
808 1241 837 1275 Ι.
855 1240 1012 1275 Abbatis
1322 1241 1383 1276 lib.
1404 1251 1429 1275 1.

430 1300 531 1334 Obiit
548 1310 642 1333 anno
661 1308 903 1333 Mccmzxnl.
922 1303 957 1332 et
979 1297 1154 1333 Joannem
1179 1298 1340 1344 ejusdem
1366 1299 1494 1334 domus
1520 1299 1675 1344 priorem
1702 1310 1777 1333 suc-

378 1369 551 1393 cessorem
568 1357 705 1392 habuit.

776 1472 812 1506 S.
841 1471 1144 1507 THELIANUS
1169 1472 1216 1506 E.
1270 1474 1376 1507 1138.

381 1590 417 1623 S.
445 1588 697 1636 ΤΗΕΙᾸΛΝυξ
724 1588 861 1628 Scotus,
888 1588 1155 1633 incomparabili
1183 1589 1241 1623 vir
1257 1588 1470 1629 eruditione,
1494 1600 1535 1623 ac
1560 1589 1655 1623 vitae
1679 1600 1777 1623 sanc-

382 1647 484 1681 titate
504 1647 594 1680 nulli
612 1646 799 1686 secundus,
822 1646 1018 1690 discipulus
1044 1645 1081 1680 S.
1107 1645 1259 1680 Davidis
1286 1645 1381 1680 Scoti
1408 1645 1635 1681 Menevensis
1662 1646 1777 1681 archi-

380 1705 545 1749 episcopi,
572 1709 679 1749 atque
705 1715 749 1738 ex
774 1703 894 1738 scotia
919 1704 957 1737 in
983 1703 1153 1738 lValliam
1179 1714 1306 1738 comes.
1358 1702 1650 1738 Scotichronicon
1667 1704 1729 1738 lib.
1750 1714 1775 1738 1.

381 1774 455 1807 cap.
484 1771 542 1796 xl.
596 1762 640 1796 In
666 1762 754 1796 Vita
779 1762 815 1796 S.
846 1761 998 1795 Davidis
1028 1761 1065 1794 id
1095 1761 1213 1805 ipsum
1242 1761 1382 1805 plenius
1413 1761 1597 1806 probatur.
1656 1761 1776 1796 Socios

380 1820 507 1854 habuit
533 1820 750 1864 disciplinae,
777 1819 845 1854 sub
870 1819 1093 1853 sanctissimo
1127 1818 1189 1852 illo
1219 1823 1458 1863 praeceptore,
1486 1818 1675 1859 Kinotum‚
1710 1819 1778 1853 Pa-

380 1884 533 1918 ternum,
564 1876 758 1918 Aidanum,
792 1876 989 1916 Ismaelem‚
1021 1875 1224 1916 Modocum,
1256 1880 1291 1910 et
1322 1877 1410 1910 alios
1441 1888 1572 1923 magna
1601 1888 1645 1911 ex
1676 1884 1777 1922 parte

381 1936 514 1976 Scotos,
545 1939 581 1969 et
611 1939 814 1969 sanctorum
845 1945 995 1969 numero
1025 1933 1211 1978 ascriptos.
1268 1933 1304 1968 S.
1332 1933 1506 1968 Dubricio
1532 1935 1577 1969 ad
1603 1926 1776 1979 archiepi-

382 1998 565 2038 scopatum
591 1993 793 2039 Legionum
819 1993 1005 2031 translato,
1029 1992 1067 2025 in
1091 1986 1318 2026 Landavensi
1337 1992 1369 2025 ei
1387 1992 1565 2032 successit,
1592 1997 1628 2026 et
1654 1992 1710 2036 pie
1737 1992 1774 2025 il·

380 2053 450 2085 lam
474 2051 741 2085 administravit
766 2051 897 2091 sedem,
921 2062 942 2084 a
964 2060 1036 2095 qua
1064 2053 1100 2083 et
1125 2048 1303 2084 Landavii
1329 2054 1604 2096 cognomentum
1632 2049 1775 2093 accepit.

382 2109 531 2154 Scripsit

529 2166 652 2201 Vitam
671 2166 834 2212 magistri
853 2165 1005 2200 Davidis
1086 2164 1147 2198 lib.
1167 2173 1193 2198 1.
1270 2164 1452 2210 Epistolas
1471 2165 1515 2199 ad
1534 2165 1651 2200 varios
1670 2164 1729 2198 lib.
1752 2174 1774 2197 1.

531 2223 726 2258 Conciones
740 2224 817 2268 pias
832 2224 877 2257 ad
891 2223 1069 2268 Populum
1088 2222 1150 2256 lib.
1172 2230 1195 2256 1.

431 2281 596 2316 Florebat
614 2292 707 2315 anno
726 2290 858 2315 DLxu.
