2060 2848
741 270 916 304 GENTIS
939 271 1215 311 SCOTORUM,
1240 272 1328 306 LIB.
1354 273 1455 306 XIX.
1727 275 1791 308 669

401 363 500 404 lario,
518 375 559 398 ac
575 364 738 410 episcopo
755 364 973 406 Glascuensi,
995 377 1036 401 ac
1057 366 1243 402 Salomone
1260 368 1390 402 decano
1408 367 1625 410 Glascuensi,
1648 368 1783 403 Ebora-

402 432 483 455 cum
507 422 699 467 profectus,
724 422 1025 467 disputationibus
1049 425 1262 459 acutissimis
1285 425 1498 470 dignitatem
1522 426 1683 461 ecclesiae
1706 425 1788 461 Sco-

402 478 493 513 ticae
527 483 651 514 contra
682 480 931 525 impotentiam
965 480 1100 527 Rogeri
1129 480 1364 516 Eboracensis
1394 482 1656 528 archiepiscopi,
1689 494 1785 518 mare

400 536 496 571 coelo
513 536 706 578 miscentis,
724 547 789 571 nec
810 537 1041 572 ambitionem
1064 549 1166 572 suam
1192 538 1374 584 capientis,
1397 540 1537 585 egregie
1560 547 1614 574 est
1635 545 1785 575 tutatus.

401 591 551 639 Scripsit

550 651 622 686 Pro
648 651 827 686 Ecclesiae
853 651 1010 688 Scoticae
1036 651 1269 687 Immunitate
1310 653 1370 688 lib.
1404 662 1430 688 1.
1457 658 1579 689 contra
1604 654 1784 701 Rogerum

580 738 582 741 ,
594 708 867 744 Eboracensem.

546 766 835 812 Appellationem
852 766 898 801 ad
915 766 1062 801 Curiam
1079 766 1279 802 Romanam
1383 768 1444 803 lib.
1464 777 1490 803 1.

546 823 728 869 Epistulas
746 824 791 858 ad
808 824 968 858 diversos
1386 826 1447 860 lib.
1467 835 1492 860 1.

449 882 617 917 Florebat
641 893 735 917 anno
753 890 929 916 Mchlv.
980 879 1267 917 Scotichronicon
1288 882 1350 918 lib.
1369 891 1459 918 v111.
1483 894 1558 928 cap.
1583 892 1652 919 xv.
1677 885 1785 929 pluri-

398 940 465 975 bus
483 940 569 987 agit.

680 1054 953 1091 ROBERTUS
978 1054 1279 1091 VENANTIUS
1303 1055 1350 1091 A.
1404 1058 1511 1095 1198.

398 1171 619 1206 ROBERTUS
644 1169 855 1211 venantius,
879 1170 1161 1215 archiepiscopus
1187 1170 1463 1205 Armacanensis
1489 1171 1527 1205 in
1553 1170 1738 1212 Hibernia,
1765 1183 1786 1206 a

396 1229 587 1264 nativitate
611 1239 745 1269 caecuS,
772 1228 970 1262 incredibili
995 1227 1131 1273 ingenii
1158 1228 1320 1262 acumine
1350 1232 1386 1262 et
1412 1228 1527 1262 tenaci
1550 1239 1658 1272 supra
1681 1228 1784 1263 fidem

397 1286 580 1326 memoria,
598 1284 764 1320 interfuit
788 1285 935 1320 concilio
958 1284 1183 1325 Tridentino,
1207 1289 1249 1319 ut
1271 1288 1394 1319 narrat
1416 1284 1520 1319 Joan.
1545 1284 1697 1319 Sleidan.
1723 1285 1784 1319 lib.

398 1352 502 1378 xvn.
522 1342 660 1377 Histor.
680 1351 845 1376 ccxmx.
898 1341 1006 1376 Hunc
1028 1339 1063 1375 V
1062 1339 1198 1375 auchob
1218 1348 1321 1376 vocat
1337 1341 1463 1376 Surius
1481 1342 1678 1377 Comment.
1697 1353 1779 1388 pag.

397 1409 588 1435 DLXXXV.
606 1404 643 1435 et
661 1399 808 1434 Parisiis
826 1400 984 1434 lauream
1001 1398 1037 1433 S.
1053 1399 1250 1445 theologiae
1263 1403 1488 1433 consecutum
1503 1400 1591 1439 vult,
1605 1404 1641 1433 et
1654 1410 1674 1433 a
1686 1398 1711 1433 J
1713 1400 1785 1433 ulio

397 1458 467 1493 111.
494 1459 653 1504 legatum
671 1469 694 1491 a.
709 1457 819 1492 latere
843 1461 1012 1498 creatum,
1036 1456 1193 1501 Didymo
1216 1455 1472 1497 Alexandrino,
1496 1456 1785 1502 cujusmeminit

397 1515 443 1551 D.
464 1515 719 1560 Hieronymus,
739 1519 933 1560 comparat.
985 1513 1134 1559 Scripsit

545 1572 600 1607 De
618 1572 778 1619 legitimo
796 1572 945 1606 Concilii
963 1570 1165 1606 Tridentini
1184 1570 1360 1605 Consessu
1385 1570 1446 1605 lib.
1466 1579 1492 1605 1.

545 1629 720 1676 Ejusdem
738 1628 888 1665 Concilii
905 1628 1000 1664 Acta
1386 1627 1448 1662 lib.
1468 1636 1494 1662 1.

546 1687 602 1721 De
619 1686 847 1721 Auctoritate
865 1687 984 1732 Papae
1386 1685 1448 1719 lib.
1468 1694 1494 1719 1.

548 1743 705 1778 Collecta
723 1743 910 1778 Canonum
1384 1742 1445 1776 lib.
1465 1750 1490 1775 1.

449 1801 588 1837 Claruit
605 1811 699 1836 anno
717 1808 838 1835 MDLI.
892 1799 1089 1840 Ferrariae,
1112 1804 1154 1834 ut
1174 1803 1272 1843 puto,
1296 1798 1395 1840 obiit,
1421 1798 1593 1832 incertum
1617 1803 1715 1843 peste
1738 1811 1783 1833 an

400 1860 523 1895 morbo
537 1858 714 1899 naturali;
734 1857 806 1892 imo
819 1857 966 1892 Parisiis
980 1857 1138 1891 excessit.
1172 1855 1196 1889 J
1199 1867 1276 1890 oan.
1294 1855 1427 1891 Leslae.
1442 1855 1502 1889 lib.
1518 1864 1558 1889 x.
1572 1866 1652 1901 pag.
1668 1864 1782 1889 wa.

400 1918 468 1952 Die
482 1925 575 1950 X111.
590 1914 815 1955 Novembris,
833 1915 927 1949 inter
943 1915 1063 1949 beatos
1081 1914 1226 1948 collocat
1244 1912 1449 1947 Matthaeus
1467 1912 1629 1947 Raderus
1644 1912 1785 1947 Virida-

401 1976 454 2010 rio
474 1974 696 2013 Sanctorum,
715 1972 758 2006 de
776 1972 885 2006 caecis
905 1972 1036 2006 sanctis
1054 1982 1129 2015 cap.
1149 1979 1209 2005 111.

682 2085 887 2121 FLOREN
893 2085 1009 2120 TIUS
1034 2083 1346 2120 VOLUSENUS.
1398 2086 1417 2118 1
1424 2086 1506 2122 199.

403 2206 670 2239 FLORENTIUS
708 2201 922 2240 Volusenus,
957 2200 1014 2234 vir
1056 2199 1189 2246 ingenii
1224 2198 1517 2238 exercitatissimi,
1556 2197 1687 2232 Jacobo
1725 2197 1785 2232 Sa-

402 2263 529 2302 doleto,
569 2258 900 2305 Carpentoractensi
939 2258 1100 2302 episcopo
1139 2261 1174 2291 et
1216 2255 1251 2290 S.
1292 2255 1337 2290 R.
1377 2254 1422 2288 E.
1465 2255 1646 2295 cardinali,
1684 2254 1784 2289 fami-

403 2318 512 2359 liaris,
539 2322 581 2352 ut
609 2317 669 2351 ille
702 2319 873 2352 testatum
903 2314 1048 2360 reliquit
1072 2313 1133 2349 lib.
1158 2322 1213 2348 vl.
1246 2312 1503 2358 Epistolarum,
1534 2312 1579 2348 ad
1608 2311 1782 2347 Joannem
