2060 2848
681 301 855 334 GENTIS
879 302 1153 342 SCOTORUM,
1178 304 1265 336 LIB.
1288 304 1400 336 XVII.
1666 308 1730 340 537

493 393 663 429 Novellae
702 394 982 429 Constitutiones
1018 395 1215 430 Latinitate
1252 398 1402 431 donatae
1437 398 1496 432 lib.
1528 407 1552 431 1.
1609 398 1726 433 Antea

540 452 772 485 transtulerat
800 450 976 485 Henricus
1003 451 1186 497 Agylaeus
1211 453 1543 489 Buscoviducensis.
1594 454 1725 489 Conra-

539 507 606 540 dus
624 507 888 541 Rittershusius
906 510 1084 551 prooemio
1100 509 1124 542 J
1126 510 1199 544 uris
1217 510 1240 543 J
1243 511 1433 545 ustinianei
1454 522 1528 555 cap.
1550 520 1602 545 lv,

493 563 608 597 Notas
624 563 803 599 uberiores
821 564 860 598 i'n
876 565 1017 599 easdem
1041 565 1321 602 Constitutiones
1346 568 1405 601 lib.
1433 578 1457 602 1.
1484 568 1558 613 ipse
1584 570 1728 612 promit-

541 621 608 661 tit;
636 632 682 654 an
698 625 831 660 extent,
849 621 976 656 nescio.

492 677 675 712 Plutarchi
699 679 817 713 omnia
841 678 959 722 Opera
981 680 1041 714 lib.
1071 690 1096 714 1.
1126 692 1208 716 cum
1238 681 1343 716 MSS.
1370 683 1530 721 contulit,
1557 682 1726 716 Eduardo

541 734 755 779 Henrysono
785 735 888 769 Scoto
914 741 1057 770 auctore
1082 738 1119 771 in
1145 739 1238 772 notis
1264 739 1309 772 ad
1335 739 1517 773 Plutarchi
1545 739 1727 774 Commen-

541 793 672 826 tarium
690 792 732 825 de
750 792 947 826 Contrariis
965 793 1176 828 Stoicorum.

491 849 669 895 Diogenes
686 848 852 884 Laertius
870 849 913 883 de
929 849 1016 884 Vita
1034 850 1330 895 Philosophorum
1348 853 1392 885 ad
1415 853 1527 886 multa
1552 855 1724 897 exempla-

537 906 591 939 ria
608 910 796 945 correctus,
814 910 849 940 et
867 906 1170 941 observationibus
1190 908 1403 949 illustratus,
1422 908 1482 942 lib.
1503 918 1528 942 1.

489 962 716 997 Athenaeum
739 963 802 997 lib.
822 971 847 997 Ι.
870 974 950 997 cum
975 963 1053 998 MS.
1076 965 1236 1004 contulit,
1262 965 1355 999 unde
1377 966 1495 999 omnia
1521 977 1584 1000 sua
1602 967 1723 1000 hause-

535 1024 592 1054 rat
608 1020 730 1065 magni
746 1020 918 1054 momenti
936 1019 1077 1054 Isaacus
1095 1021 1337 1055 Casaubonus.

489 1074 701 1110 Strabonem
722 1077 829 1110 etiam
856 1087 936 1110 cum
961 1076 1039 1110 MS.
1064 1078 1230 1111 collatum
1256 1078 1396 1112 volebat
1420 1079 1590 1118 emittere,
1615 1085 1654 1113 ut
1681 1092 1723 1113 ex

540 1132 697 1176 epistolis
720 1133 833 1176 ipsius
857 1133 962 1167 MSS.
987 1135 1132 1178 planum
1159 1139 1235 1168 est:
1262 1136 1322 1168 sed
1348 1146 1428 1170 cum
1454 1136 1561 1170 codex
1587 1137 1624 1169 in
1650 1148 1721 1170 ma-

536 1200 604 1223 nus
631 1189 747 1223 Isaaci
778 1190 978 1224 Casauboni
1010 1191 1174 1231 venisset,
1205 1191 1337 1225 mirum
1363 1203 1469 1236 quam
1496 1193 1554 1226 ille
1579 1193 1724 1227 fidenter

538 1246 671 1280 alienae
700 1257 827 1291 operae
854 1258 983 1281 nomen
1013 1258 1117 1280 suum
1149 1248 1335 1291 apposuit;
1364 1248 1430 1282 hoc
1459 1254 1551 1284 certe
1580 1251 1724 1283 candide

540 1302 717 1338 Henricus
742 1303 944 1348 Stephanus
970 1303 1166 1348 profitetur,
1193 1305 1259 1338 etsi
1284 1316 1356 1339 non
1379 1304 1466 1340 bene
1490 1317 1569 1341 cum
1596 1307 1723 1340 Scrini-

535 1371 620 1406 gero
638 1360 670 1393 ei
689 1361 905 1395 conveniret.

488 1417 668 1452 Basilicon
684 1418 804 1457 libros,
822 1428 902 1452 cum
921 1417 1025 1453 MSS.
1045 1418 1154 1453 variis
1172 1419 1327 1459 collatos,
1345 1418 1493 1454 Latinos
1510 1419 1592 1454 fecit
1615 1420 1673 1454 lib.
1696 1430 1719 1454 1.

488 1474 714 1508 Phornutum
757 1486 801 1508 ex
842 1475 1027 1509 collatione
1075 1475 1178 1509 MSS.
1226 1475 1377 1510 correxit
1422 1476 1482 1510 lib.
1523 1486 1547 1510 1.
1596 1478 1722 1511 ultima

537 1535 687 1565 senecta.
810 1532 813 1534 ’
1198 1526 1200 1528 V

487 1587 744 1632 Palaephatum
771 1599 911 1633 quoque
935 1599 978 1622 ex
1000 1589 1125 1623 iisdem
1152 1588 1256 1622 MSS.
1283 1589 1334 1622 ita
1358 1589 1469 1629 auxit,
1495 1594 1536 1625 ut
1561 1591 1650 1624 alius
1676 1591 1720 1623 ab

535 1645 631 1678 edito
662 1645 775 1679 videri
803 1646 938 1690 possit:
973 1646 1035 1690 qui
1060 1646 1131 1680 duo
1161 1651 1321 1680 auctores
1348 1646 1466 1680 ultimi
1494 1651 1720 1681 asservantur

535 1702 574 1735 in
600 1701 812 1737 bibliotheca
844 1701 942 1737 Petri
972 1702 1073 1737 Junii
1109 1703 1249 1747 equitis,
1279 1702 1402 1737 Jacobi
1437 1704 1529 1749 regis
1561 1704 1720 1738 educato-

537 1758 599 1792 ris.
790 1760 793 1762 “

485 1815 670 1859 Epistolae
1228 1817 1286 1850 lib.
1307 1826 1331 1850 1.

387 1873 488 1908 Obiit
505 1883 598 1906 anno
617 1880 818 1906 MDLXXII.
838 1872 894 1905 vir
910 1877 1052 1906 aeterna
1069 1873 1238 1907 memoria
1251 1873 1491 1919 dignissimus,
1509 1885 1579 1917 qua
1594 1873 1716 1907 nobili-

343 1931 427 1965 tatis
445 1929 703 1975 praerogativa,
721 1940 793 1973 qua
809 1929 942 1963 eruditi
959 1929 1094 1975 ingenii
1111 1930 1264 1963 dotibus.

715 2041 935 2076 SALIFAX
963 2042 1176 2076 BARDUS.
1231 2042 1337 2077 1056.

338 2160 525 2193 SALIFAX
551 2157 691 2191 Bardus
717 2168 760 2190 ex
787 2156 1008 2191 nobilissima
1033 2161 1191 2191 veterum
1220 2157 1419 2190 Bardorum
1446 2156 1580 2190 familia
1604 2162 1714 2196 ortus,

339 2217 400 2261 qui
430 2226 511 2250 cum
545 2214 741 2248 Druidibus
776 2214 838 2247 diu
869 2213 963 2258 apud
994 2213 1115 2247 Scotos
1148 2213 1367 2247 nobilitatem
1403 2213 1621 2253 erudiebant,
1656 2214 1715 2247 de·

337 2273 510 2317 orumque
544 2272 664 2306 laudes
698 2270 912 2305 carminibus
948 2270 1179 2310 celebrabant,
1219 2275 1260 2304 ut
1298 2275 1333 2304 et
1370 2270 1616 2304 defunctorum
1655 2271 1714 2304 he-

337 2341 438 2364 roum
481 2340 600 2363 manes
642 2328 823 2362 honoratis
859 2327 981 2373 elogiis
1021 2327 1244 2362 extollebant.
1312 2326 1383 2361 Hic
1422 2338 1465 2361 ex
1504 2338 1544 2361 ea
1582 2326 1714 2362 familia

339 2387 478 2431 scripsit
