<?xml version="1.0" encoding="UTF-8"?>
<!DOCTYPE html PUBLIC "-//W3C//DTD XHTML 1.0 Transitional//EN"
    "http://www.w3.org/TR/xhtml1/DTD/xhtml1-transitional.dtd">
<html xmlns="http://www.w3.org/1999/xhtml" xml:lang="en" lang="en">
 <head>
  <title>
</title>
<meta http-equiv="Content-Type" content="text/html;charset=utf-8" />
  <meta name='ocr-system' content='tesseract 3.04.00' />
  <meta name='ocr-capabilities' content='ocr_page ocr_carea ocr_par ocr_line ocrx_word'/>
</head>
<body>
  <div class='ocr_page' id='page_1' title='image "./thomaedempster2102dempuoft_0268.png"; bbox 0 0 2060 2848; ppageno 0'>
   <div class='ocr_carea' id='block_1_1' title="bbox 415 299 1478 334">
    <p class='ocr_par' dir='ltr' id='par_1_1' title="bbox 415 299 1478 334">
     <span class='ocr_line' id='line_1_1' title="bbox 415 299 1478 334; baseline 0.005 -5"><span class='ocrx_word' id='word_1_1' title='bbox 415 302 500 334; x_wconf 65' lang='lat'>578¹*</span> <span class='ocrx_word' id='word_1_2' title='bbox 804 299 1049 334; x_wconf 68' lang='lat' dir='ltr'><strong>HISTORIA&#39;</strong></span> <span class='ocrx_word' id='word_1_3' title='bbox 1059 301 1435 334; x_wconf 85' lang='lat' dir='ltr'><strong>ECCLESIASTICA</strong></span> <span class='ocrx_word' id='word_1_4' title='bbox 1475 310 1478 313; x_wconf 62' lang='lat'><strong>⁴</strong></span> 
     </span>
    </p>
   </div>
   <div class='ocr_carea' id='block_1_2' title="bbox 415 396 1818 1649">
    <p class='ocr_par' dir='ltr' id='par_1_2' title="bbox 415 396 1818 1649">
     <span class='ocr_line' id='line_1_2' title="bbox 418 396 1815 443; baseline 0.002 -15"><span class='ocrx_word' id='word_1_5' title='bbox 418 396 570 440; x_wconf 77' lang='lat' dir='ltr'><strong>amplius</strong></span> <span class='ocrx_word' id='word_1_6' title='bbox 597 408 704 441; x_wconf 87' lang='lat' dir='ltr'><strong>quam</strong></span> <span class='ocrx_word' id='word_1_7' title='bbox 734 396 865 442; x_wconf 89' lang='lat' dir='ltr'><strong>viginti</strong></span> <span class='ocrx_word' id='word_1_8' title='bbox 892 396 967 430; x_wconf 89' lang='lat' dir='ltr'><strong>dies</strong></span> <span class='ocrx_word' id='word_1_9' title='bbox 993 396 1069 430; x_wconf 89' lang='lat' dir='ltr'><strong>sine</strong></span> <span class='ocrx_word' id='word_1_10' title='bbox 1095 396 1172 430; x_wconf 90' lang='lat' dir='ltr'><strong>cibo</strong></span> <span class='ocrx_word' id='word_1_11' title='bbox 1197 397 1271 430; x_wconf 91' lang='lat' dir='ltr'><strong>ullo</strong></span> <span class='ocrx_word' id='word_1_12' title='bbox 1304 400 1367 430; x_wconf 90' lang='lat' dir='ltr'><strong>aut</strong></span> <span class='ocrx_word' id='word_1_13' title='bbox 1397 400 1486 440; x_wconf 90' lang='lat' dir='ltr'><strong>potu</strong></span> <span class='ocrx_word' id='word_1_14' title='bbox 1512 396 1719 443; x_wconf 84' lang='lat' dir='ltr'>transigere.</span> <span class='ocrx_word' id='word_1_15' title='bbox 1773 397 1815 431; x_wconf 84' lang='lat' dir='ltr'><strong>Id</strong></span> 
     </span>
     <span class='ocr_line' id='line_1_3' title="bbox 416 453 1810 499; baseline 0.001 -13"><span class='ocrx_word' id='word_1_16' title='bbox 416 464 497 486; x_wconf 85' lang='lat' dir='ltr'><strong>cum</strong></span> <span class='ocrx_word' id='word_1_17' title='bbox 528 464 592 487; x_wconf 84' lang='lat' dir='ltr'><strong>rex</strong></span> <span class='ocrx_word' id='word_1_18' title='bbox 624 454 792 494; x_wconf 85' lang='lat' dir='ltr'><strong>audisset,</strong></span> <span class='ocrx_word' id='word_1_19' title='bbox 829 465 911 487; x_wconf 87' lang='lat' dir='ltr'><strong>eum</strong></span> <span class='ocrx_word' id='word_1_20' title='bbox 943 454 982 487; x_wconf 88' lang='lat' dir='ltr'><strong>in</strong></span> <span class='ocrx_word' id='word_1_21' title='bbox 1013 464 1092 488; x_wconf 90' lang='lat' dir='ltr'><strong>arce</strong></span> <span class='ocrx_word' id='word_1_22' title='bbox 1122 453 1403 499; x_wconf 88' lang='lat' dir='ltr'><strong>Edimburgensi</strong></span> <span class='ocrx_word' id='word_1_23' title='bbox 1434 453 1639 488; x_wconf 86' lang='lat' dir='ltr'><strong>custodibus</strong></span> <span class='ocrx_word' id='word_1_24' title='bbox 1671 455 1810 499; x_wconf 88' lang='lat' dir='ltr'><strong>apposi-</strong></span> 
     </span>
     <span class='ocr_line' id='line_1_4' title="bbox 416 511 1813 556; baseline 0.001 -12"><span class='ocrx_word' id='word_1_25' title='bbox 416 511 461 544; x_wconf 91' lang='lat' dir='ltr'><strong>tis</strong></span> <span class='ocrx_word' id='word_1_26' title='bbox 493 515 568 545; x_wconf 89' lang='lat' dir='ltr'><strong>toto</strong></span> <span class='ocrx_word' id='word_1_27' title='bbox 599 522 719 545; x_wconf 89' lang='lat' dir='ltr'><strong>mense</strong></span> <span class='ocrx_word' id='word_1_28' title='bbox 749 511 924 545; x_wconf 87' lang='lat' dir='ltr'><strong>asservari</strong></span> <span class='ocrx_word' id='word_1_29' title='bbox 954 512 1143 556; x_wconf 89' lang='lat' dir='ltr'><strong>praecepit,</strong></span> <span class='ocrx_word' id='word_1_30' title='bbox 1175 522 1245 556; x_wconf 92' lang='lat' dir='ltr'><strong>quo</strong></span> <span class='ocrx_word' id='word_1_31' title='bbox 1276 516 1435 555; x_wconf 91' lang='lat' dir='ltr'><strong>tempore</strong></span> <span class='ocrx_word' id='word_1_32' title='bbox 1465 511 1557 544; x_wconf 90' lang='lat' dir='ltr'><strong>nihil</strong></span> <span class='ocrx_word' id='word_1_33' title='bbox 1587 511 1625 544; x_wconf 91' lang='lat' dir='ltr'><strong>in</strong></span> <span class='ocrx_word' id='word_1_34' title='bbox 1656 512 1813 556; x_wconf 87' lang='lat' dir='ltr'><strong>corporis</strong></span> 
     </span>
     <span class='ocr_line' id='line_1_5' title="bbox 415 568 1816 613; baseline 0.001 -12"><span class='ocrx_word' id='word_1_35' title='bbox 415 568 512 602; x_wconf 90' lang='lat' dir='ltr'><strong>illius</strong></span> <span class='ocrx_word' id='word_1_36' title='bbox 544 569 799 603; x_wconf 89' lang='lat' dir='ltr'><strong>constitutione</strong></span> <span class='ocrx_word' id='word_1_37' title='bbox 829 572 1010 603; x_wconf 90' lang='lat' dir='ltr'><strong>mutatum</strong></span> <span class='ocrx_word' id='word_1_38' title='bbox 1039 568 1135 609; x_wconf 79' lang='lat' dir='ltr'><strong>fuit3</strong></span> <span class='ocrx_word' id='word_1_39' title='bbox 1172 580 1282 613; x_wconf 88' lang='lat' dir='ltr'><strong>quare</strong></span> <span class='ocrx_word' id='word_1_40' title='bbox 1317 568 1480 602; x_wconf 88' lang='lat' dir='ltr'><strong>custodia</strong></span> <span class='ocrx_word' id='word_1_41' title='bbox 1514 568 1576 602; x_wconf 87' lang='lat' dir='ltr'><strong>illa</strong></span> <span class='ocrx_word' id='word_1_42' title='bbox 1604 574 1702 603; x_wconf 88' lang='lat' dir='ltr'><strong>arcta</strong></span> <span class='ocrx_word' id='word_1_43' title='bbox 1731 569 1816 603; x_wconf 87' lang='lat' dir='ltr'><strong>libe·-</strong></span> 
     </span>
     <span class='ocr_line' id='line_1_6' title="bbox 416 625 1817 671; baseline 0 -11"><span class='ocrx_word' id='word_1_44' title='bbox 416 630 535 660; x_wconf 87' lang='lat' dir='ltr'><strong>ratum</strong></span> <span class='ocrx_word' id='word_1_45' title='bbox 570 626 829 671; x_wconf 86' lang='lat' dir='ltr'><strong>dimissumque</strong></span> <span class='ocrx_word' id='word_1_46' title='bbox 863 637 927 659; x_wconf 88' lang='lat' dir='ltr'><strong>rex</strong></span> <span class='ocrx_word' id='word_1_47' title='bbox 969 626 1088 660; x_wconf 88' lang='lat' dir='ltr'><strong>virum</strong></span> <span class='ocrx_word' id='word_1_48' title='bbox 1130 626 1169 659; x_wconf 91' lang='lat' dir='ltr'><strong>in</strong></span> <span class='ocrx_word' id='word_1_49' title='bbox 1210 625 1369 659; x_wconf 85' lang='lat' dir='ltr'><strong>maxima</strong></span> <span class='ocrx_word' id='word_1_50' title='bbox 1410 625 1610 660; x_wconf 81' lang='lat' dir='ltr'><strong>sanctitatis</strong></span> <span class='ocrx_word' id='word_1_51' title='bbox 1651 626 1817 670; x_wconf 87' lang='lat' dir='ltr'><strong>opinione</strong></span> 
     </span>
     <span class='ocr_line' id='line_1_7' title="bbox 416 682 1816 729; baseline 0.001 -13"><span class='ocrx_word' id='word_1_52' title='bbox 416 683 555 718; x_wconf 85' lang='lat' dir='ltr'><strong>habuit.</strong></span> <span class='ocrx_word' id='word_1_53' title='bbox 608 683 673 718; x_wconf 93' lang='lat' dir='ltr'><strong>Ille</strong></span> <span class='ocrx_word' id='word_1_54' title='bbox 703 683 990 729; x_wconf 89' lang='lat' dir='ltr'><strong>peregrinatione</strong></span> <span class='ocrx_word' id='word_1_55' title='bbox 1020 682 1350 727; x_wconf 86' lang='lat' dir='ltr'><strong>Hierosolymitana</strong></span> <span class='ocrx_word' id='word_1_56' title='bbox 1377 682 1528 722; x_wconf 87' lang='lat' dir='ltr'><strong>decreta,</strong></span> <span class='ocrx_word' id='word_1_57' title='bbox 1558 682 1728 718; x_wconf 86' lang='lat' dir='ltr'><strong>Venetias</strong></span> <span class='ocrx_word' id='word_1_58' title='bbox 1755 693 1816 728; x_wconf 78' lang='lat' dir='ltr'><strong>ap-</strong></span> 
     </span>
     <span class='ocr_line' id='line_1_8' title="bbox 416 738 1816 785; baseline 0 -10"><span class='ocrx_word' id='word_1_59' title='bbox 416 742 519 785; x_wconf 88' lang='lat' dir='ltr'><strong>pulit,</strong></span> <span class='ocrx_word' id='word_1_60' title='bbox 558 741 620 775; x_wconf 92' lang='lat' dir='ltr'><strong>ubi</strong></span> <span class='ocrx_word' id='word_1_61' title='bbox 659 750 728 774; x_wconf 85' lang='lat' dir='ltr'><strong>XL.</strong></span> <span class='ocrx_word' id='word_1_62' title='bbox 763 741 902 774; x_wconf 89' lang='lat' dir='ltr'><strong>dierum</strong></span> <span class='ocrx_word' id='word_1_63' title='bbox 928 740 1068 785; x_wconf 88' lang='lat' dir='ltr'><strong>jejunio</strong></span> <span class='ocrx_word' id='word_1_64' title='bbox 1103 743 1223 773; x_wconf 89' lang='lat' dir='ltr'><strong>sancte</strong></span> <span class='ocrx_word' id='word_1_65' title='bbox 1259 743 1402 783; x_wconf 91' lang='lat' dir='ltr'><strong>peracto</strong></span> <span class='ocrx_word' id='word_1_66' title='bbox 1441 738 1571 773; x_wconf 90' lang='lat' dir='ltr'><strong>Veneti</strong></span> <span class='ocrx_word' id='word_1_67' title='bbox 1605 739 1709 774; x_wconf 89' lang='lat' dir='ltr'><strong>illum</strong></span> <span class='ocrx_word' id='word_1_68' title='bbox 1742 741 1816 775; x_wconf 87' lang='lat' dir='ltr'><strong>fisci</strong></span> 
     </span>
     <span class='ocr_line' id='line_1_9' title="bbox 416 796 1818 843; baseline -0.001 -12"><span class='ocrx_word' id='word_1_69' title='bbox 416 799 577 843; x_wconf 88' lang='lat' dir='ltr'><strong>impensa</strong></span> <span class='ocrx_word' id='word_1_70' title='bbox 599 799 638 832; x_wconf 91' lang='lat' dir='ltr'><strong>in</strong></span> <span class='ocrx_word' id='word_1_71' title='bbox 656 797 807 832; x_wconf 86' lang='lat' dir='ltr'>Terram</span> <span class='ocrx_word' id='word_1_72' title='bbox 827 797 995 831; x_wconf 80' lang='lat' dir='ltr'><strong>Sanctam</strong></span> <span class='ocrx_word' id='word_1_73' title='bbox 1013 797 1258 830; x_wconf 89' lang='lat' dir='ltr'><strong>deducendum</strong></span> <span class='ocrx_word' id='word_1_74' title='bbox 1284 801 1391 840; x_wconf 84' lang='lat' dir='ltr'><strong>atque</strong></span> <span class='ocrx_word' id='word_1_75' title='bbox 1417 797 1455 830; x_wconf 91' lang='lat' dir='ltr'><strong>in</strong></span> <span class='ocrx_word' id='word_1_76' title='bbox 1482 796 1624 830; x_wconf 88' lang='lat' dir='ltr'><strong>Italiam</strong></span> <span class='ocrx_word' id='word_1_77' title='bbox 1650 799 1818 832; x_wconf 76' lang='lat' dir='ltr'><strong>reducen-</strong></span> 
     </span>
     <span class='ocr_line' id='line_1_10' title="bbox 417 853 1818 898; baseline -0.001 -8"><span class='ocrx_word' id='word_1_78' title='bbox 417 856 502 889; x_wconf 88' lang='lat' dir='ltr'><strong>dum</strong></span> <span class='ocrx_word' id='word_1_79' title='bbox 526 859 765 895; x_wconf 84' lang='lat' dir='ltr'><strong>censuerunt3</strong></span> <span class='ocrx_word' id='word_1_80' title='bbox 794 855 876 888; x_wconf 89' lang='lat' dir='ltr'><strong>inde</strong></span> <span class='ocrx_word' id='word_1_81' title='bbox 899 854 1053 888; x_wconf 88' lang='lat' dir='ltr'><strong>Romam</strong></span> <span class='ocrx_word' id='word_1_82' title='bbox 1080 853 1260 898; x_wconf 85' lang='lat' dir='ltr'><strong>profectus</strong></span> <span class='ocrx_word' id='word_1_83' title='bbox 1284 854 1484 888; x_wconf 87' lang='lat' dir='ltr'><strong>sanctitatis</strong></span> <span class='ocrx_word' id='word_1_84' title='bbox 1511 864 1595 888; x_wconf 88' lang='lat' dir='ltr'><strong>suae</strong></span> <span class='ocrx_word' id='word_1_85' title='bbox 1621 854 1818 898; x_wconf 90' lang='lat' dir='ltr'><strong>periculum</strong></span> 
     </span>
     <span class='ocr_line' id='line_1_11' title="bbox 415 910 1818 957; baseline 0 -10"><span class='ocrx_word' id='word_1_86' title='bbox 415 913 509 953; x_wconf 89' lang='lat' dir='ltr'><strong>fecit,</strong></span> <span class='ocrx_word' id='word_1_87' title='bbox 538 917 617 947; x_wconf 92' lang='lat' dir='ltr'><strong>tum</strong></span> <span class='ocrx_word' id='word_1_88' title='bbox 644 913 789 947; x_wconf 90' lang='lat' dir='ltr'><strong>domum</strong></span> <span class='ocrx_word' id='word_1_89' title='bbox 817 916 979 956; x_wconf 88' lang='lat' dir='ltr'><strong>repetens</strong></span> <span class='ocrx_word' id='word_1_90' title='bbox 1006 912 1075 946; x_wconf 88' lang='lat' dir='ltr'><strong>iter</strong></span> <span class='ocrx_word' id='word_1_91' title='bbox 1099 923 1163 957; x_wconf 91' lang='lat' dir='ltr'><strong>per</strong></span> <span class='ocrx_word' id='word_1_92' title='bbox 1189 910 1324 946; x_wconf 89' lang='lat' dir='ltr'><strong>Gallias</strong></span> <span class='ocrx_word' id='word_1_93' title='bbox 1349 911 1520 951; x_wconf 87' lang='lat' dir='ltr'><strong>instituit,</strong></span> <span class='ocrx_word' id='word_1_94' title='bbox 1546 911 1740 957; x_wconf 90' lang='lat' dir='ltr'><strong>eodemque</strong></span> <span class='ocrx_word' id='word_1_95' title='bbox 1765 913 1818 947; x_wconf 91' lang='lat' dir='ltr'><strong>in-</strong></span> 
     </span>
     <span class='ocr_line' id='line_1_12' title="bbox 417 969 1817 1015; baseline -0.001 -10"><span class='ocrx_word' id='word_1_96' title='bbox 417 971 467 1005; x_wconf 87' lang='lat' dir='ltr'><strong>ibi</strong></span> <span class='ocrx_word' id='word_1_97' title='bbox 495 971 738 1015; x_wconf 83' lang='lat' dir='ltr'><strong>experimento</strong></span> <span class='ocrx_word' id='word_1_98' title='bbox 768 969 928 1004; x_wconf 88' lang='lat' dir='ltr'><strong>exhibito</strong></span> <span class='ocrx_word' id='word_1_99' title='bbox 959 970 1231 1004; x_wconf 83' lang='lat' dir='ltr'><strong>admirationem</strong></span> <span class='ocrx_word' id='word_1_100' title='bbox 1258 969 1423 1003; x_wconf 92' lang='lat' dir='ltr'><strong>omnibus</strong></span> <span class='ocrx_word' id='word_1_101' title='bbox 1448 970 1574 1010; x_wconf 90' lang='lat' dir='ltr'><strong>movit,</strong></span> <span class='ocrx_word' id='word_1_102' title='bbox 1602 969 1755 1015; x_wconf 86' lang='lat' dir='ltr'><strong>indeque</strong></span> <span class='ocrx_word' id='word_1_103' title='bbox 1779 970 1817 1004; x_wconf 88' lang='lat' dir='ltr'><strong>in</strong></span> 
     </span>
     <span class='ocr_line' id='line_1_13' title="bbox 417 1027 1817 1074; baseline 0 -12"><span class='ocrx_word' id='word_1_104' title='bbox 417 1029 590 1074; x_wconf 89' lang='lat' dir='ltr'><strong>Angliam</strong></span> <span class='ocrx_word' id='word_1_105' title='bbox 619 1028 783 1074; x_wconf 85' lang='lat' dir='ltr'><strong>trajecit;</strong></span> <span class='ocrx_word' id='word_1_106' title='bbox 815 1032 850 1062; x_wconf 88' lang='lat' dir='ltr'><strong>et</strong></span> <span class='ocrx_word' id='word_1_107' title='bbox 881 1028 1037 1062; x_wconf 90' lang='lat' dir='ltr'><strong>Londini</strong></span> <span class='ocrx_word' id='word_1_108' title='bbox 1068 1028 1223 1073; x_wconf 89' lang='lat' dir='ltr'><strong>quidem,</strong></span> <span class='ocrx_word' id='word_1_109' title='bbox 1255 1027 1350 1072; x_wconf 91' lang='lat' dir='ltr'><strong>quod</strong></span> <span class='ocrx_word' id='word_1_110' title='bbox 1376 1027 1493 1071; x_wconf 86' lang='lat' dir='ltr'><strong>palam</strong></span> <span class='ocrx_word' id='word_1_111' title='bbox 1521 1032 1693 1062; x_wconf 85' lang='lat' dir='ltr'><strong>assereret</strong></span> <span class='ocrx_word' id='word_1_112' title='bbox 1720 1027 1817 1062; x_wconf 90' lang='lat' dir='ltr'><strong>Hen-</strong></span> 
     </span>
     <span class='ocr_line' id='line_1_14' title="bbox 417 1083 1816 1132; baseline 0.001 -13"><span class='ocrx_word' id='word_1_113' title='bbox 417 1086 527 1120; x_wconf 87' lang='lat' dir='ltr'><strong>ricurn</strong></span> <span class='ocrx_word' id='word_1_114' title='bbox 560 1097 679 1132; x_wconf 87' lang='lat' dir='ltr'><strong>regem</strong></span> <span class='ocrx_word' id='word_1_115' title='bbox 707 1097 779 1121; x_wconf 90' lang='lat' dir='ltr'><strong>non</strong></span> <span class='ocrx_word' id='word_1_116' title='bbox 809 1086 966 1130; x_wconf 89' lang='lat' dir='ltr'><strong>potuisse</strong></span> <span class='ocrx_word' id='word_1_117' title='bbox 992 1086 1037 1120; x_wconf 89' lang='lat' dir='ltr'><strong>ab</strong></span> <span class='ocrx_word' id='word_1_118' title='bbox 1062 1096 1173 1120; x_wconf 91' lang='lat' dir='ltr'><strong>uxore</strong></span> <span class='ocrx_word' id='word_1_119' title='bbox 1200 1085 1396 1119; x_wconf 86' lang='lat' dir='ltr'><strong>Catharina</strong></span> <span class='ocrx_word' id='word_1_120' title='bbox 1420 1083 1606 1130; x_wconf 89' lang='lat' dir='ltr'><strong>Aragonia</strong></span> <span class='ocrx_word' id='word_1_121' title='bbox 1630 1085 1816 1126; x_wconf 88' lang='lat' dir='ltr'><strong>divertere,</strong></span> 
     </span>
     <span class='ocr_line' id='line_1_15' title="bbox 419 1143 1815 1188; baseline 0 -11"><span class='ocrx_word' id='word_1_122' title='bbox 419 1155 483 1178; x_wconf 88' lang='lat' dir='ltr'><strong>nec</strong></span> <span class='ocrx_word' id='word_1_123' title='bbox 512 1143 671 1178; x_wconf 89' lang='lat' dir='ltr'><strong>libellum</strong></span> <span class='ocrx_word' id='word_1_124' title='bbox 703 1144 735 1177; x_wconf 90' lang='lat' dir='ltr'><strong>ei</strong></span> <span class='ocrx_word' id='word_1_125' title='bbox 765 1144 905 1188; x_wconf 88' lang='lat' dir='ltr'><strong>repudii</strong></span> <span class='ocrx_word' id='word_1_126' title='bbox 936 1144 1012 1177; x_wconf 90' lang='lat' dir='ltr'><strong>sine</strong></span> <span class='ocrx_word' id='word_1_127' title='bbox 1041 1144 1199 1178; x_wconf 88' lang='lat' dir='ltr'><strong>maxima</strong></span> <span class='ocrx_word' id='word_1_128' title='bbox 1223 1143 1419 1187; x_wconf 89' lang='lat' dir='ltr'><strong>impietatis</strong></span> <span class='ocrx_word' id='word_1_129' title='bbox 1446 1147 1532 1176; x_wconf 88' lang='lat' dir='ltr'><strong>nota</strong></span> <span class='ocrx_word' id='word_1_130' title='bbox 1558 1143 1750 1183; x_wconf 87' lang='lat' dir='ltr'><strong>remittere,</strong></span> <span class='ocrx_word' id='word_1_131' title='bbox 1779 1145 1815 1177; x_wconf 87' lang='lat' dir='ltr'><strong>in</strong></span> 
     </span>
     <span class='ocr_line' id='line_1_16' title="bbox 419 1200 1817 1247; baseline 0 -12"><span class='ocrx_word' id='word_1_132' title='bbox 419 1212 572 1236; x_wconf 85' lang='lat' dir='ltr'><strong>carceres</strong></span> <span class='ocrx_word' id='word_1_133' title='bbox 603 1202 794 1247; x_wconf 82' lang='lat' dir='ltr'><strong>conjectus,</strong></span> <span class='ocrx_word' id='word_1_134' title='bbox 832 1202 893 1236; x_wconf 91' lang='lat' dir='ltr'><strong>sed</strong></span> <span class='ocrx_word' id='word_1_135' title='bbox 924 1206 1104 1245; x_wconf 87' lang='lat' dir='ltr'><strong>comperta</strong></span> <span class='ocrx_word' id='word_1_136' title='bbox 1129 1200 1261 1247; x_wconf 88' lang='lat' dir='ltr'><strong>jejunii</strong></span> <span class='ocrx_word' id='word_1_137' title='bbox 1291 1200 1480 1234; x_wconf 84' lang='lat' dir='ltr'><strong>sanctitate</strong></span> <span class='ocrx_word' id='word_1_138' title='bbox 1512 1210 1592 1233; x_wconf 91' lang='lat' dir='ltr'><strong>cum</strong></span> <span class='ocrx_word' id='word_1_139' title='bbox 1624 1200 1817 1235; x_wconf 90' lang='lat' dir='ltr'><strong>honorifico</strong></span> 
     </span>
     <span class='ocr_line' id='line_1_17' title="bbox 417 1257 1817 1306; baseline -0.001 -14"><span class='ocrx_word' id='word_1_140' title='bbox 417 1260 531 1306; x_wconf 87' lang='lat' dir='ltr'><strong>elogio</strong></span> <span class='ocrx_word' id='word_1_141' title='bbox 553 1259 732 1292; x_wconf 89' lang='lat' dir='ltr'><strong>dimissus.</strong></span> <span class='ocrx_word' id='word_1_142' title='bbox 790 1259 868 1293; x_wconf 88' lang='lat' dir='ltr'><strong>Hoc</strong></span> <span class='ocrx_word' id='word_1_143' title='bbox 886 1271 926 1293; x_wconf 90' lang='lat' dir='ltr'><strong>eo</strong></span> <span class='ocrx_word' id='word_1_144' title='bbox 944 1258 1188 1293; x_wconf 85' lang='lat' dir='ltr'><strong>admirabilius</strong></span> <span class='ocrx_word' id='word_1_145' title='bbox 1208 1261 1272 1298; x_wconf 89' lang='lat' dir='ltr'><strong>est,</strong></span> <span class='ocrx_word' id='word_1_146' title='bbox 1292 1269 1363 1303; x_wconf 91' lang='lat' dir='ltr'><strong>quo</strong></span> <span class='ocrx_word' id='word_1_147' title='bbox 1381 1257 1450 1297; x_wconf 90' lang='lat' dir='ltr'><strong>ille,</strong></span> <span class='ocrx_word' id='word_1_148' title='bbox 1469 1268 1550 1290; x_wconf 90' lang='lat' dir='ltr'><strong>cum</strong></span> <span class='ocrx_word' id='word_1_149' title='bbox 1568 1257 1715 1297; x_wconf 89' lang='lat' dir='ltr'><strong>luberet,</strong></span> <span class='ocrx_word' id='word_1_150' title='bbox 1739 1258 1817 1292; x_wconf 92' lang='lat' dir='ltr'><strong>cibo</strong></span> 
     </span>
     <span class='ocr_line' id='line_1_18' title="bbox 418 1314 1818 1361; baseline 0 -11"><span class='ocrx_word' id='word_1_151' title='bbox 418 1321 453 1350; x_wconf 87' lang='lat' dir='ltr'><strong>et</strong></span> <span class='ocrx_word' id='word_1_152' title='bbox 470 1321 569 1361; x_wconf 90' lang='lat' dir='ltr'><strong>potu,</strong></span> <span class='ocrx_word' id='word_1_153' title='bbox 588 1320 630 1350; x_wconf 89' lang='lat' dir='ltr'><strong>ut</strong></span> <span class='ocrx_word' id='word_1_154' title='bbox 647 1316 707 1350; x_wconf 89' lang='lat' dir='ltr'><strong>alii</strong></span> <span class='ocrx_word' id='word_1_155' title='bbox 732 1316 892 1350; x_wconf 89' lang='lat' dir='ltr'><strong>solebant</strong></span> <span class='ocrx_word' id='word_1_156' title='bbox 915 1316 1088 1356; x_wconf 86' lang='lat' dir='ltr'><strong>homines,</strong></span> <span class='ocrx_word' id='word_1_157' title='bbox 1112 1320 1285 1350; x_wconf 88' lang='lat' dir='ltr'><strong>uteretur.</strong></span> <span class='ocrx_word' id='word_1_158' title='bbox 1338 1314 1460 1349; x_wconf 89' lang='lat' dir='ltr'><strong>Barba</strong></span> <span class='ocrx_word' id='word_1_159' title='bbox 1483 1315 1515 1348; x_wconf 93' lang='lat' dir='ltr'><strong>ei</strong></span> <span class='ocrx_word' id='word_1_160' title='bbox 1538 1314 1710 1356; x_wconf 83' lang='lat' dir='ltr'><strong>subflava‚</strong></span> <span class='ocrx_word' id='word_1_161' title='bbox 1738 1326 1818 1360; x_wconf 84' lang='lat' dir='ltr'><strong>pro-</strong></span> 
     </span>
     <span class='ocr_line' id='line_1_19' title="bbox 417 1373 1817 1420; baseline -0.001 -12"><span class='ocrx_word' id='word_1_162' title='bbox 417 1375 595 1418; x_wconf 87' lang='lat' dir='ltr'><strong>missaque</strong></span> <span class='ocrx_word' id='word_1_163' title='bbox 624 1378 710 1420; x_wconf 85' lang='lat' dir='ltr'><strong>toga</strong></span> <span class='ocrx_word' id='word_1_164' title='bbox 740 1374 889 1407; x_wconf 84' lang='lat' dir='ltr'><strong>candida</strong></span> <span class='ocrx_word' id='word_1_165' title='bbox 916 1374 962 1407; x_wconf 87' lang='lat' dir='ltr'><strong>ad</strong></span> <span class='ocrx_word' id='word_1_166' title='bbox 993 1375 1082 1407; x_wconf 87' lang='lat' dir='ltr'><strong>talos</strong></span> <span class='ocrx_word' id='word_1_167' title='bbox 1113 1374 1270 1413; x_wconf 88' lang='lat' dir='ltr'><strong>dimissa,</strong></span> <span class='ocrx_word' id='word_1_168' title='bbox 1302 1373 1438 1407; x_wconf 86' lang='lat' dir='ltr'><strong>cinctus</strong></span> <span class='ocrx_word' id='word_1_169' title='bbox 1463 1383 1555 1407; x_wconf 86' lang='lat' dir='ltr'><strong>zona</strong></span> <span class='ocrx_word' id='word_1_170' title='bbox 1584 1373 1740 1407; x_wconf 87' lang='lat' dir='ltr'><strong>coriacea</strong></span> <span class='ocrx_word' id='word_1_171' title='bbox 1765 1373 1817 1406; x_wconf 90' lang='lat' dir='ltr'><strong>in-</strong></span> 
     </span>
     <span class='ocr_line' id='line_1_20' title="bbox 419 1430 1816 1476; baseline -0.001 -11"><span class='ocrx_word' id='word_1_172' title='bbox 419 1432 604 1465; x_wconf 88' lang='lat' dir='ltr'><strong>duebatur.</strong></span> <span class='ocrx_word' id='word_1_173' title='bbox 670 1431 762 1466; x_wconf 86' lang='lat' dir='ltr'><strong>Erat</strong></span> <span class='ocrx_word' id='word_1_174' title='bbox 796 1442 957 1465; x_wconf 86' lang='lat' dir='ltr'><strong>sermone</strong></span> <span class='ocrx_word' id='word_1_175' title='bbox 992 1431 1109 1475; x_wconf 86' lang='lat' dir='ltr'><strong>patrio</strong></span> <span class='ocrx_word' id='word_1_176' title='bbox 1150 1431 1417 1471; x_wconf 88' lang='lat' dir='ltr'><strong>disertissimus,</strong></span> <span class='ocrx_word' id='word_1_177' title='bbox 1455 1442 1519 1464; x_wconf 91' lang='lat' dir='ltr'><strong>nec</strong></span> <span class='ocrx_word' id='word_1_178' title='bbox 1554 1430 1678 1465; x_wconf 88' lang='lat' dir='ltr'><strong>Latini</strong></span> <span class='ocrx_word' id='word_1_179' title='bbox 1716 1431 1816 1476; x_wconf 88' lang='lat' dir='ltr'><strong>igna-</strong></span> 
     </span>
     <span class='ocr_line' id='line_1_21' title="bbox 419 1488 1815 1534; baseline -0.001 -11"><span class='ocrx_word' id='word_1_180' title='bbox 419 1499 501 1523; x_wconf 88' lang='lat' dir='ltr'><strong>rus:</strong></span> <span class='ocrx_word' id='word_1_181' title='bbox 532 1494 649 1524; x_wconf 88' lang='lat' dir='ltr'><strong>totum</strong></span> <span class='ocrx_word' id='word_1_182' title='bbox 668 1490 763 1523; x_wconf 88' lang='lat' dir='ltr'><strong>vitae</strong></span> <span class='ocrx_word' id='word_1_183' title='bbox 782 1500 925 1523; x_wconf 88' lang='lat' dir='ltr'><strong>cursum</strong></span> <span class='ocrx_word' id='word_1_184' title='bbox 944 1489 1107 1533; x_wconf 88' lang='lat' dir='ltr'><strong>precibus</strong></span> <span class='ocrx_word' id='word_1_185' title='bbox 1125 1489 1364 1532; x_wconf 89' lang='lat' dir='ltr'><strong>impendebat.</strong></span> <span class='ocrx_word' id='word_1_186' title='bbox 1412 1488 1579 1534; x_wconf 90' lang='lat' dir='ltr'><strong>Plerique</strong></span> <span class='ocrx_word' id='word_1_187' title='bbox 1597 1499 1678 1522; x_wconf 90' lang='lat' dir='ltr'><strong>eum</strong></span> <span class='ocrx_word' id='word_1_188' title='bbox 1697 1488 1815 1521; x_wconf 88' lang='lat' dir='ltr'><strong>virum</strong></span> 
     </span>
     <span class='ocr_line' id='line_1_22' title="bbox 419 1546 1815 1591; baseline -0.001 -10"><span class='ocrx_word' id='word_1_189' title='bbox 419 1552 581 1581; x_wconf 77' lang='lat' dir='ltr'><strong>sanctum</strong></span> <span class='ocrx_word' id='word_1_190' title='bbox 598 1547 787 1587; x_wconf 87' lang='lat' dir='ltr'><strong>habebant,</strong></span> <span class='ocrx_word' id='word_1_191' title='bbox 806 1547 888 1581; x_wconf 90' lang='lat' dir='ltr'><strong>licet</strong></span> <span class='ocrx_word' id='word_1_192' title='bbox 906 1547 966 1580; x_wconf 88' lang='lat' dir='ltr'><strong>alii</strong></span> <span class='ocrx_word' id='word_1_193' title='bbox 984 1547 1027 1579; x_wconf 85' lang='lat' dir='ltr'><strong>de</strong></span> <span class='ocrx_word' id='word_1_194' title='bbox 1048 1546 1109 1580; x_wconf 88' lang='lat' dir='ltr'><strong>illo</strong></span> <span class='ocrx_word' id='word_1_195' title='bbox 1123 1546 1287 1591; x_wconf 84' lang='lat' dir='ltr'><strong>segniora</strong></span> <span class='ocrx_word' id='word_1_196' title='bbox 1300 1546 1513 1587; x_wconf 87' lang='lat' dir='ltr'><strong>censuerint,</strong></span> <span class='ocrx_word' id='word_1_197' title='bbox 1527 1550 1563 1580; x_wconf 90' lang='lat' dir='ltr'><strong>et</strong></span> <span class='ocrx_word' id='word_1_198' title='bbox 1576 1546 1698 1591; x_wconf 87' lang='lat' dir='ltr'><strong>pejora</strong></span> <span class='ocrx_word' id='word_1_199' title='bbox 1711 1546 1815 1591; x_wconf 86' lang='lat' dir='ltr'><strong>longe</strong></span> 
     </span>
     <span class='ocr_line' id='line_1_23' title="bbox 422 1604 859 1649; baseline 0 -11"><span class='ocrx_word' id='word_1_200' title='bbox 422 1605 658 1649; x_wconf 86' lang='lat' dir='ltr'><strong>scripserint.”</strong></span> <span class='ocrx_word' id='word_1_201' title='bbox 710 1604 859 1648; x_wconf 88' lang='lat' dir='ltr'><strong>Scripsit</strong></span> 
     </span>
    </p>
   </div>
   <div class='ocr_carea' id='block_1_3' title="bbox 565 1660 1814 1930">
    <p class='ocr_par' dir='ltr' id='par_1_3' title="bbox 565 1660 1814 1930">
     <span class='ocr_line' id='line_1_24' title="bbox 565 1660 1518 1706; baseline -0.002 -10"><span class='ocrx_word' id='word_1_202' title='bbox 565 1662 748 1696; x_wconf 85' lang='lat' dir='ltr'><strong>Vaticinia</strong></span> <span class='ocrx_word' id='word_1_203' title='bbox 765 1663 807 1695; x_wconf 92' lang='lat' dir='ltr'><strong>de</strong></span> <span class='ocrx_word' id='word_1_204' title='bbox 826 1662 998 1696; x_wconf 86' lang='lat' dir='ltr'><strong>mutanda</strong></span> <span class='ocrx_word' id='word_1_205' title='bbox 1016 1660 1202 1706; x_wconf 87' lang='lat' dir='ltr'><strong>Religione</strong></span> <span class='ocrx_word' id='word_1_206' title='bbox 1411 1661 1471 1695; x_wconf 91' lang='lat' dir='ltr'><strong>lib.</strong></span> <span class='ocrx_word' id='word_1_207' title='bbox 1493 1669 1518 1694; x_wconf 91' lang='lat'><strong>1.</strong></span> 
     </span>
     <span class='ocr_line' id='line_1_25' title="bbox 567 1718 1522 1763; baseline -0.002 -10"><span class='ocrx_word' id='word_1_208' title='bbox 567 1719 719 1754; x_wconf 89' lang='lat' dir='ltr'><strong>Precum</strong></span> <span class='ocrx_word' id='word_1_209' title='bbox 738 1720 1043 1754; x_wconf 87' lang='lat' dir='ltr'><strong>sanctissimarum</strong></span> <span class='ocrx_word' id='word_1_210' title='bbox 1061 1718 1240 1763; x_wconf 89' lang='lat' dir='ltr'><strong>Synopsin</strong></span> <span class='ocrx_word' id='word_1_211' title='bbox 1414 1718 1476 1752; x_wconf 88' lang='lat' dir='ltr'><strong>lib.</strong></span> <span class='ocrx_word' id='word_1_212' title='bbox 1496 1727 1522 1751; x_wconf 89' lang='lat'><strong>1.</strong></span> 
     </span>
     <span class='ocr_line' id='line_1_26' title="bbox 571 1775 1519 1820; baseline -0.001 -10"><span class='ocrx_word' id='word_1_213' title='bbox 571 1776 756 1810; x_wconf 87' lang='lat' dir='ltr'><strong>Sermones</strong></span> <span class='ocrx_word' id='word_1_214' title='bbox 774 1787 838 1820; x_wconf 91' lang='lat' dir='ltr'><strong>per</strong></span> <span class='ocrx_word' id='word_1_215' title='bbox 854 1775 1004 1810; x_wconf 88' lang='lat' dir='ltr'><strong>Annum</strong></span> <span class='ocrx_word' id='word_1_216' title='bbox 1412 1775 1473 1809; x_wconf 89' lang='lat' dir='ltr'><strong>lib.</strong></span> <span class='ocrx_word' id='word_1_217' title='bbox 1494 1784 1519 1809; x_wconf 92' lang='grc' dir='ltr'><strong>Ι.</strong></span> 
     </span>
     <span class='ocr_line' id='line_1_27' title="bbox 569 1833 1519 1868; baseline -0.001 -1"><span class='ocrx_word' id='word_1_218' title='bbox 569 1834 848 1868; x_wconf 86' lang='lat' dir='ltr'><strong>Exhortationes</strong></span> <span class='ocrx_word' id='word_1_219' title='bbox 867 1834 911 1867; x_wconf 89' lang='lat' dir='ltr'><strong>ad</strong></span> <span class='ocrx_word' id='word_1_220' title='bbox 929 1833 1073 1867; x_wconf 89' lang='lat' dir='ltr'><strong>Clerum</strong></span> <span class='ocrx_word' id='word_1_221' title='bbox 1412 1833 1472 1867; x_wconf 91' lang='lat' dir='ltr'><strong>lib.</strong></span> <span class='ocrx_word' id='word_1_222' title='bbox 1494 1842 1519 1867; x_wconf 96' lang='lat'><strong>1.</strong></span> 
     </span>
     <span class='ocr_line' id='line_1_28' title="bbox 569 1890 1814 1930; baseline 0.001 -5"><span class='ocrx_word' id='word_1_223' title='bbox 569 1892 624 1926; x_wconf 91' lang='lat' dir='ltr'><strong>De</strong></span> <span class='ocrx_word' id='word_1_224' title='bbox 643 1891 756 1925; x_wconf 86' lang='lat' dir='ltr'><strong>Terra</strong></span> <span class='ocrx_word' id='word_1_225' title='bbox 773 1890 904 1925; x_wconf 80' lang='lat' dir='ltr'><strong>Sancta</strong></span> <span class='ocrx_word' id='word_1_226' title='bbox 1414 1891 1475 1925; x_wconf 90' lang='lat' dir='ltr'><strong>lib.</strong></span> <span class='ocrx_word' id='word_1_227' title='bbox 1495 1900 1520 1924; x_wconf 81' lang='grc' dir='ltr'><strong>Ι.</strong></span> <span class='ocrx_word' id='word_1_228' title='bbox 1573 1890 1672 1930; x_wconf 84' lang='lat' dir='ltr'><strong>Quae</strong></span> <span class='ocrx_word' id='word_1_229' title='bbox 1698 1892 1814 1926; x_wconf 85' lang='lat' dir='ltr'><strong>omnia</strong></span> 
     </span>
    </p>
   </div>
   <div class='ocr_carea' id='block_1_4' title="bbox 472 1948 1639 2042">
    <p class='ocr_par' dir='ltr' id='par_1_4' title="bbox 472 1948 1639 2042">
     <span class='ocr_line' id='line_1_29' title="bbox 618 1948 1639 1992; baseline -0.001 -9"><span class='ocrx_word' id='word_1_230' title='bbox 618 1950 709 1983; x_wconf 91' lang='lat' dir='ltr'><strong>vidit</strong></span> <span class='ocrx_word' id='word_1_231' title='bbox 728 1949 928 1982; x_wconf 86' lang='lat' dir='ltr'><strong>Richardus</strong></span> <span class='ocrx_word' id='word_1_232' title='bbox 948 1949 1006 1983; x_wconf 90' lang='lat' dir='ltr'><strong>ille</strong></span> <span class='ocrx_word' id='word_1_233' title='bbox 1024 1948 1182 1988; x_wconf 90' lang='lat' dir='ltr'><strong>Brunus,</strong></span> <span class='ocrx_word' id='word_1_234' title='bbox 1201 1951 1236 1982; x_wconf 93' lang='lat' dir='ltr'><strong>et</strong></span> <span class='ocrx_word' id='word_1_235' title='bbox 1254 1948 1449 1992; x_wconf 90' lang='lat' dir='ltr'><strong>impensius</strong></span> <span class='ocrx_word' id='word_1_236' title='bbox 1467 1948 1639 1982; x_wconf 88' lang='lat' dir='ltr'><strong>laudavit.</strong></span> 
     </span>
     <span class='ocr_line' id='line_1_30' title="bbox 472 2007 941 2042; baseline -0.006 0"><span class='ocrx_word' id='word_1_237' title='bbox 472 2007 626 2042; x_wconf 87' lang='lat' dir='ltr'><strong>Vivebat</strong></span> <span class='ocrx_word' id='word_1_238' title='bbox 644 2018 737 2041; x_wconf 89' lang='lat' dir='ltr'><strong>anno</strong></span> <span class='ocrx_word' id='word_1_239' title='bbox 756 2015 941 2040; x_wconf 80' lang='lat' dir='ltr'>MDXXXI.</span> 
     </span>
    </p>
   </div>
   <div class='ocr_carea' id='block_1_5' title="bbox 681 2120 1552 2156">
    <p class='ocr_par' dir='ltr' id='par_1_5' title="bbox 681 2120 1552 2156">
     <span class='ocr_line' id='line_1_31' title="bbox 681 2120 1552 2156; baseline 0 0"><span class='ocrx_word' id='word_1_240' title='bbox 681 2122 914 2156; x_wconf 87' lang='lat' dir='ltr'><strong>JOANNES</strong></span> <span class='ocrx_word' id='word_1_241' title='bbox 941 2132 969 2156; x_wconf 82' lang='lat' dir='ltr'>A</span> <span class='ocrx_word' id='word_1_242' title='bbox 996 2120 1322 2156; x_wconf 88' lang='lat' dir='ltr'><strong>SACROBOSCO</strong></span> <span class='ocrx_word' id='word_1_243' title='bbox 1348 2120 1390 2155; x_wconf 91' lang='lat' dir='ltr'><strong>P.</strong></span> <span class='ocrx_word' id='word_1_244' title='bbox 1445 2123 1552 2156; x_wconf 82' lang='lat'>1038.</span> 
     </span>
    </p>
   </div>
   <div class='ocr_carea' id='block_1_6' title="bbox 427 2234 1815 2392">
    <p class='ocr_par' dir='ltr' id='par_1_6' title="bbox 427 2234 1815 2392">
     <span class='ocr_line' id='line_1_32' title="bbox 427 2234 1814 2283; baseline 0.001 -12"><span class='ocrx_word' id='word_1_245' title='bbox 427 2238 448 2271; x_wconf 87' lang='lat' dir='ltr'>J</span> <span class='ocrx_word' id='word_1_246' title='bbox 453 2246 618 2272; x_wconf 73' lang='lat' dir='ltr'><strong>oANNEs</strong></span> <span class='ocrx_word' id='word_1_247' title='bbox 637 2249 658 2271; x_wconf 91' lang='lat' dir='ltr'><strong>a</strong></span> <span class='ocrx_word' id='word_1_248' title='bbox 674 2237 887 2272; x_wconf 88' lang='lat' dir='ltr'><strong>Sacrobosco</strong></span> <span class='ocrx_word' id='word_1_249' title='bbox 905 2236 1042 2277; x_wconf 90' lang='lat' dir='ltr'><strong>Scotus,</strong></span> <span class='ocrx_word' id='word_1_250' title='bbox 1070 2237 1178 2283; x_wconf 88' lang='lat' dir='ltr'><strong>vulgo</strong></span> <span class='ocrx_word' id='word_1_251' title='bbox 1196 2234 1410 2281; x_wconf 72' lang='lat' dir='ltr'><strong>Halybuslz,</strong></span> <span class='ocrx_word' id='word_1_252' title='bbox 1436 2247 1527 2282; x_wconf 87' lang='lat' dir='ltr'><strong>quae</strong></span> <span class='ocrx_word' id='word_1_253' title='bbox 1545 2236 1682 2270; x_wconf 86' lang='lat' dir='ltr'><strong>familia</strong></span> <span class='ocrx_word' id='word_1_254' title='bbox 1700 2237 1814 2272; x_wconf 88' lang='lat' dir='ltr'><strong>adhuc</strong></span> 
     </span>
     <span class='ocr_line' id='line_1_33' title="bbox 427 2294 1815 2339; baseline -0.001 -10"><span class='ocrx_word' id='word_1_255' title='bbox 427 2297 533 2330; x_wconf 86' lang='lat' dir='ltr'><strong>durat</strong></span> <span class='ocrx_word' id='word_1_256' title='bbox 575 2295 669 2339; x_wconf 88' lang='lat' dir='ltr'><strong>apud</strong></span> <span class='ocrx_word' id='word_1_257' title='bbox 710 2299 898 2336; x_wconf 89' lang='lat' dir='ltr'><strong>nostrates,</strong></span> <span class='ocrx_word' id='word_1_258' title='bbox 942 2298 977 2328; x_wconf 93' lang='lat' dir='ltr'><strong>et</strong></span> <span class='ocrx_word' id='word_1_259' title='bbox 1016 2294 1249 2328; x_wconf 87' lang='lat' dir='ltr'><strong>certissimam</strong></span> <span class='ocrx_word' id='word_1_260' title='bbox 1283 2294 1327 2328; x_wconf 90' lang='lat' dir='ltr'><strong>de</strong></span> <span class='ocrx_word' id='word_1_261' title='bbox 1360 2305 1401 2328; x_wconf 89' lang='lat' dir='ltr'><strong>eo</strong></span> <span class='ocrx_word' id='word_1_262' title='bbox 1436 2294 1643 2328; x_wconf 90' lang='lat' dir='ltr'><strong>memoriam</strong></span> <span class='ocrx_word' id='word_1_263' title='bbox 1677 2304 1815 2328; x_wconf 88' lang='lat' dir='ltr'><strong>conser-</strong></span> 
     </span>
     <span class='ocr_line' id='line_1_34' title="bbox 427 2350 1812 2392; baseline -0.001 -6"><span class='ocrx_word' id='word_1_264' title='bbox 427 2357 499 2387; x_wconf 84' lang='lat' dir='ltr'><strong>vat.</strong></span> <span class='ocrx_word' id='word_1_265' title='bbox 551 2351 644 2386; x_wconf 83' lang='lat' dir='ltr'><strong>Acta</strong></span> <span class='ocrx_word' id='word_1_266' title='bbox 670 2353 824 2387; x_wconf 88' lang='lat' dir='ltr'><strong>nationis</strong></span> <span class='ocrx_word' id='word_1_267' title='bbox 848 2352 1078 2387; x_wconf 88' lang='lat' dir='ltr'><strong>Germanicae</strong></span> <span class='ocrx_word' id='word_1_268' title='bbox 1104 2352 1149 2386; x_wconf 84' lang='lat' dir='ltr'><strong>ad</strong></span> <span class='ocrx_word' id='word_1_269' title='bbox 1178 2350 1224 2386; x_wconf 91' lang='lat' dir='ltr'><strong>D.</strong></span> <span class='ocrx_word' id='word_1_270' title='bbox 1256 2351 1376 2386; x_wconf 84' lang='lat' dir='ltr'><strong>Cosmi</strong></span> <span class='ocrx_word' id='word_1_271' title='bbox 1410 2351 1568 2392; x_wconf 81' lang='lat' dir='ltr'><strong>Parisiis,</strong></span> <span class='ocrx_word' id='word_1_272' title='bbox 1602 2356 1639 2385; x_wconf 89' lang='lat' dir='ltr'><strong>et</strong></span> <span class='ocrx_word' id='word_1_273' title='bbox 1669 2351 1812 2386; x_wconf 88' lang='lat' dir='ltr'><strong>Scotum</strong></span> 
     </span>
    </p>
   </div>
  </div>
 </body>
</html>
