2060 2848
677 306 852 341 GENTIS
876 307 1152 345 SCOTORUM,
1176 308 1264 341 LIB.
1286 309 1387 342 XIII.
1668 309 1732 339 505

395 404 495 437 Mors
514 404 590 448 ejus
613 401 738 435 incidit
754 402 793 435 in
820 412 954 435 annum
981 410 1188 436 MCCCCLX.
1214 406 1256 435 ut
1279 413 1323 436 ex
1348 401 1498 436 Joannis
1526 401 1727 447 Dempsteri

346 461 421 493 sive
438 459 675 493 Themistoris
693 457 858 502 Epistola
876 466 965 491 L111.
983 458 1117 502 liquet3
1136 457 1305 493 floruerat
1324 469 1408 493 vero
1422 458 1489 493 sub
1501 457 1525 492 J
1526 459 1633 494 acobo
1646 470 1728 505 rege

346 516 394 550 ΙΙ.
446 515 605 550 Annales
622 519 810 550 nostrates.

835 628 870 662 S.
898 607 1100 663 NERIUS.
1152 630 1237 666 958.

344 744 379 777 S.
400 743 558 777 NERIUS
575 743 780 783 monachus,
803 743 979 777 incertum
997 743 1098 788 cujus
1122 743 1290 784 instituti,
1314 748 1481 778 strenuus
1505 755 1629 779 causae
1646 744 1726 779 fidei

341 805 598 846 propugnator,
617 811 657 834 eo
675 801 792 835 seculo
817 800 1043 844 popularium
1066 800 1194 833 animis
1219 801 1362 844 pietatis
1388 801 1524 835 semina
1549 802 1728 848 insperge-

343 858 415 897 bat,
442 869 512 902 quo
535 857 597 891 SS.
624 856 831 903 [reliquiae]
859 856 946 890 Divi
971 856 1137 891 Andreae
1159 857 1197 891 in
1215 857 1436 892 Otholiniam
1455 858 1628 893 divinitus
1646 865 1728 893 sunt

342 916 488 949 delatae.
543 914 692 959 Scripsit

490 971 545 1006 De
563 972 686 1006 divina
705 971 830 1005 Gratia
880 971 940 1006 lib.
961 979 988 1005 1.
1037 971 1194 1005 Joannes
1213 971 1344 1017 Major.

391 1029 560 1063 Florebat
577 1040 670 1063 anno
688 1037 881 1063 CCCLXIX.
934 1028 1069 1062 Hector
1086 1028 1261 1062 Boethius
1278 1028 1339 1063 lib.
1359 1037 1414 1063 vl.
1432 1039 1514 1075 pag.
1533 1038 1596 1064 cv.
1641 1029 1733 1064 Coli-

343 1091 403 1119 tur
421 1094 506 1119 X1v.
526 1084 621 1130 Sept.

681 1198 936 1234 GEORGIUS
962 1198 1252 1234 NEUTONUS.
1307 1203 1390 1239 959.

344 1314 555 1348 GEORGIUS
573 1313 772 1354 Neutonus,
791 1314 1057 1348 archidiaconus
1074 1314 1361 1355 Dumblanensis,
1379 1315 1436 1349 vir
1454 1327 1603 1362 magnae
1617 1317 1726 1361 pieta-

343 1372 400 1411 tis,
419 1382 482 1406 nec
500 1372 647 1406 minoris
665 1371 886 1411 eruditionis,
905 1383 945 1406 eo
963 1373 1079 1405 seculo
1101 1383 1173 1406 non
1191 1372 1387 1418 vulgariter
1405 1372 1589 1414 facundus,
1616 1378 1657 1408 ut
1682 1385 1726 1408 ex

344 1428 554 1475 fragmentis
573 1429 777 1463 extantibus
796 1433 954 1473 apparet,
973 1429 1114 1473 scripsit

491 1486 594 1520 Vitas
612 1486 873 1530 Episcoporum
891 1485 1224 1526 Dumblanensium,
1242 1490 1277 1520 et
1293 1486 1388 1521 illius
1401 1486 1579 1522 Ecclesiae
1593 1487 1733 1522 Succes-

542 1543 688 1583 sionem‚
706 1553 819 1588 usque
837 1543 881 1576 ad
899 1546 1060 1586 tempora
1077 1554 1151 1583 sua,
1202 1542 1263 1577 lib.
1284 1552 1309 1577 1.

490 1599 725 1639 Quorundam
767 1599 979 1634 Sanctorum
1018 1598 1112 1634 Acta
1161 1599 1222 1634 lib.
1262 1609 1288 1634 Ι.
1340 1601 1433 1644 quod
1470 1611 1557 1645 opus
1593 1602 1733 1645 penitus

542 1657 690 1691 interiit.

396 1714 562 1749 Florebat
581 1725 674 1748 anno
694 1722 797 1748 Μῦν.

706 1827 921 1862 ADAMUS
946 1827 1235 1863 NEUTONUS.
1289 1828 1371 1867 960.

344 1942 526 1976 ADAMUS
544 1941 734 1976 Neutonus
752 1941 1060 1987 Edimburgensis,
1079 1942 1229 1976 honesta
1246 1942 1391 1983 familia,
1406 1945 1539 1978 virtute
1557 1956 1597 1979 ac
1614 1946 1729 1979 erudi-

347 2000 442 2033 tione
460 1999 626 2039 maxima,
653 2009 732 2032 cum
757 2000 795 2032 in
822 1998 947 2032 Galliis
974 1998 1231 2032 honestissimis
1255 2000 1316 2033 diu
1342 2000 1478 2034 artibus
1503 2001 1729 2042 incubuisset,

345 2057 383 2090 in
417 2056 568 2100 patriam
605 2056 727 2095 reduit,
761 2055 934 2099 pueritiae
970 2055 1116 2089 Henrici
1151 2054 1304 2090 lValliae
1337 2062 1459 2100 postea
1498 2057 1674 2102 Principis
1709 2071 1729 2092 a

347 2124 429 2158 rege
454 2112 663 2156 praefectus,
682 2123 721 2145 ac
745 2113 896 2146 decanus
921 2111 1169 2146 Dunelmensis
1195 2112 1233 2145 in
1255 2111 1390 2159 Anglia
1412 2114 1651 2153 renunciatus,
1677 2116 1727 2149 sic
1779 2118 1784 2123 '

346 2181 383 2203 se
410 2169 530 2215 gessit,
560 2173 602 2203 ut
628 2169 867 2203 moderatione
898 2180 1035 2203 summa
1063 2179 1143 2202 cum
1167 2169 1363 2203 maximum
1389 2171 1503 2204 locum
1530 2177 1726 2215 occuparet,

346 2227 516 2272 majorem
534 2226 661 2259 mereri
679 2230 889 2259 censeretur.
941 2226 1021 2271 Ego
1039 2236 1189 2269 pravum
1208 2226 1246 2259 in
1264 2237 1304 2260 eo
1321 2227 1359 2260 in
1377 2228 1584 2273 religionem
1598 2228 1727 2263 Catho-

347 2283 450 2317 licam
477 2283 642 2316 affectum
668 2286 808 2316 tantum
835 2283 1061 2326 culpaverim.
1114 2282 1263 2327 Scripsit
1289 2284 1399 2323 varia,
1426 2295 1491 2330 ego
1517 2286 1727 2329 paucissima

346 2340 420 2373 vidi
435 2349 444 2380 ;
468 2340 505 2373 in
523 2340 579 2373 his
597 2344 650 2373 est

494 2396 702 2442 Conjuratio
720 2395 973 2430 Ruthveniana
1278 2397 1338 2431 lib.
1359 2407 1383 2430 1.
