2118 2854
719 300 896 334 GENTIS
921 299 1198 338 SCOTORUM,
1225 299 1314 332 LIB.
1338 300 1436 333 VIII.
1708 301 1772 334 339

378 398 440 433 sed
457 397 583 432 melius
609 395 654 430 ad
677 395 867 429 historicae
889 394 1052 429 veritatis
1077 393 1183 428 fidem
1201 393 1363 429 Renerus
1381 394 1498 429 Snous
1522 395 1583 429 lib.
1603 404 1657 429 IV.
1685 395 1769 430 Rer.

376 454 580 489 Batavicar.
609 464 691 499 pag.
721 461 857 486 XL11X.
874 456 906 471 ·“
928 451 1160 485 Eminentem
1185 451 1383 486 sacerdotio
1413 451 1608 486 Hieronem
1636 463 1770 497 rapere,

376 510 496 546 Scotia
513 511 716 550 oriundum,
736 521 776 543 ac
789 509 899 543 nobili
913 509 1089 554 prosapia,
1103 509 1377 554 praeditumque
1392 509 1567 555 singulari
1581 509 1772 544 doctrina.”

365 568 518 607 ,Rursus
536 569 597 603 lib.
617 577 653 602 V.
673 579 755 613 pag.
776 575 858 600 LVI.
884 566 1078 601 Nothbodo
1102 566 1202 601 dives
1226 566 1451 606 admonetur,
1476 571 1518 600 ut
1543 566 1580 601 S.
1606 566 1774 601 Hieronis

376 627 599 671 sepulturam
616 627 787 660 latentem
812 624 955 665 indicet,
981 624 1043 658 sed
1068 635 1119 664 re,
1143 624 1246 669 quasi
1271 624 1420 664 somnio,
1445 625 1616 670 neglecta,
1643 624 1774 658 iterum

377 694 457 717 cum
477 684 585 718 minis
603 687 770 722 terretur,
787 687 830 716 ut
847 682 1044 728 gloriosum
1062 693 1190 727 corpus
1207 682 1362 723 revelet;
1382 682 1443 716 sed
1467 683 1554 716 dum
1572 682 1688 716 adhuc
1705 693 1776 716 non

377 745 489 785 paret,
508 752 618 786 equos
635 740 783 781 amittit,
802 740 865 785 qui
883 739 928 773 ad
944 739 1058 774 sancti
1075 740 1256 774 tumulum
1273 739 1414 774 immoti
1431 743 1594 785 perstant
1608 750 1618 780 3
1647 750 1719 784 qua
1740 750 1777 773 re

377 798 603 833 Theodorico
629 798 751 833 comiti
778 797 993 831 Hollandiae
1016 797 1197 837 nunciata,
1225 797 1390 831 decenter
1413 808 1496 832 eum
1518 797 1678 832 humeris
1704 797 1778 831 suis

378 856 573 900 suppositis
591 855 879 890 transferendum
897 859 1010 895 curat,
1030 859 1066 889 et
1084 854 1294 901 Egmondae
1318 865 1400 888 cum
1425 854 1461 889 S.
1479 854 1675 890 Adelberto
1699 865 1779 888 con-

380 914 535 947 dendum
554 918 656 948 curat
670 923 678 947 :
698 917 719 932 “
731 914 780 946 sic
798 923 890 946 urna
907 912 1011 952 una‚'’
1025 912 1144 956 inquit
1158 919 1293 952 auctor,
1310 916 1332 931 ‘⁶
1346 912 1469 946 ambos
1482 912 1600 954 habet,
1616 924 1706 958 quos
1719 923 1779 957 pa—

379 971 450 1006 tria
461 982 534 1005 una
547 972 648 1005 vivos
662 970 869 1016 junxerat.”
904 968 964 1002 Ex
977 970 1100 1003 eodem
1112 969 1174 1003 illo
1188 969 1336 1003 Molano
1350 968 1610 1004 Constantinus
1624 969 1779 1004 Ghinius

379 1040 461 1075 pag.
482 1037 582 1062 LVII.
610 1032 631 1047 “
650 1027 694 1062 In
714 1026 896 1061 Holandia
913 1026 950 1060 S.
971 1026 1153 1067 Hieronis,
1171 1026 1372 1071 presbyteri
1399 1031 1434 1061 et
1455 1027 1625 1073 martyris
1651 1027 1780 1062 Scoti.'’

380 1085 533 1130 Scripsit

529 1142 717 1177 Sermones
736 1142 869 1176 multos
887 1141 933 1175 ad
952 1141 1151 1176 Hollandos
1323 1141 1385 1175 lib.
1406 1150 1431 1175 1.

531 1200 814 1235 Exhortationes
833 1200 878 1234 ad
896 1199 1041 1234 Fratres
1059 1198 1320 1246 Egmundanos
1338 1199 1400 1234 lib.
1418 1208 1444 1234 1.
1462 1199 1524 1234 ubi
1542 1201 1704 1245 sepultus
1718 1201 1781 1234 mi·

579 1259 710 1293 raculis
729 1258 869 1298 claruit,
887 1258 970 1292 licet
987 1258 1047 1292 alii
1065 1268 1175 1302 prope
1193 1256 1425 1303 Egmundam
1448 1258 1487 1292 in
1509 1257 1665 1293 Castello
1691 1258 1782 1293 Nor-

580 1316 667 1356 wih,
686 1316 748 1350 sed
766 1316 864 1350 locus
884 1316 943 1350 ille
960 1315 1126 1360 martyrii
1144 1314 1226 1355 fuit,
1245 1316 1425 1359 sepultum
1443 1316 1567 1350 velint.

432 1373 565 1408 Passus
583 1378 637 1407 est
654 1384 748 1407 anno
773 1381 963 1407 DCCCLVI.
991 1372 1253 1407 Monasterium
1277 1371 1483 1419 Egmunda,
1501 1374 1613 1408 totius
1633 1373 1783 1408 Hollan-

383 1432 462 1466 diae
479 1430 803 1475 opulentissimum,
816 1430 863 1464 D.
879 1429 1076 1464 Adalberto
1091 1428 1196 1464 Scoto
1215 1441 1367 1471 sacrum,
1386 1435 1532 1475 patrum
1549 1432 1721 1466 memoria
1739 1432 1783 1466 ab

382 1488 644 1523 insanientibus
662 1488 851 1522 haereticis
869 1488 922 1522 ita
937 1487 1161 1527 subversum,
1186 1492 1228 1522 ut
1252 1488 1315 1522 vix
1340 1488 1445 1523 hodie
1470 1489 1638 1524 rudereta
1661 1501 1783 1535 super-

383 1546 466 1581 sint.

877 1643 913 1678 S.
942 1641 1149 1678 HELIAS.
1203 1642 1287 1681 637.

383 1719 420 1754 S.
440 1718 614 1759 HELIAS,
641 1718 758 1754 socius
784 1718 948 1753 laborum
973 1729 1014 1752 ac
1040 1718 1237 1763 discipulus
1263 1718 1300 1753 S.
1328 1718 1472 1768 Levini,
1499 1731 1579 1755 eum
1604 1731 1648 1755 ex
1666 1720 1782 1756 Scotia

383 1774 526 1812 secutus
551 1777 590 1810 in
614 1776 794 1823 Belgium,
818 1787 962 1821 operam
988 1776 1206 1820 praeclaram
1233 1777 1285 1810 rei
1311 1776 1538 1813 Christianae
1562 1780 1722 1819 navavit,
1749 1784 1783 1814 et

383 1846 465 1869 cum
492 1835 656 1869 Foillano
683 1838 719 1868 et
746 1833 892 1868 Kiliano
919 1834 1135 1868 sanctissimi
1165 1834 1235 1868 viri
1270 1835 1436 1881 magistri
1465 1836 1522 1870 sui
1549 1847 1676 1881 corpus
1703 1842 1782 1881 post

384 1892 599 1938 martyrium
631 1892 722 1926 illud
751 1892 891 1925 illustre
922 1891 960 1925 in
989 1902 1123 1936 pagum
1154 1889 1350 1926 Hautlaem
1375 1893 1617 1938 sepeliendum
1643 1895 1782 1929 detulit.

383 1949 472 1985 Vita
498 1949 534 1984 S.
561 1950 706 1990 Levini‚
732 1960 842 1995 quam
872 1948 911 1983 in
937 1949 1117 1994 epitomen
1151 1950 1346 1984 coarctavit
1375 1950 1587 1986 Franciscus
1619 1951 1783 1986 Haraeus

384 2007 441 2042 die
458 2016 535 2041 XII.
555 2007 783 2042 Novembris.
835 2005 987 2051 Scripsit

540 2064 747 2099 Passionem
765 2063 894 2098 Levini
913 2063 1077 2109 magistri
1275 2065 1336 2100 lib.
1357 2074 1382 2099 1.

435 2122 738 2170 Peregrinabatur
754 2132 850 2156 anno
870 2130 1082 2155 DCXXXIII.
1102 2130 1159 2156 XI.
1179 2121 1375 2157 Novembr.
1427 2122 1533 2158 Joan.
1553 2123 1715 2159 Domins.

856 2235 892 2270 S.
923 2235 1181 2271 HADROUS.
1233 2235 1317 2272 638.

386 2353 422 2388 S.
451 2352 655 2387 HADROUS
680 2350 818 2391 Scotus,
846 2350 954 2385 abbas
980 2350 1018 2385 in
1045 2350 1185 2398 Belgio,
1212 2356 1421 2388 coaetaneus
1439 2352 1476 2388 S.
1494 2353 1719 2397 Forannano,
1745 2362 1784 2391 ut

386 2412 424 2445 in
461 2411 622 2457 eJusdem
652 2408 766 2444 sancti
799 2408 875 2443 vita
909 2412 1031 2453 patet;
1068 2413 1103 2444 et
1134 2408 1209 2445 fere
1245 2421 1384 2456 semper
1417 2422 1486 2447 usu
1519 2417 1710 2458 receptum,
1745 2419 1785 2447 ut
