2060 2848
645 325 820 358 GENTIS
843 324 1123 363 SCOTORUM,
1150 325 1238 358 LIB.
1265 326 1361 359 XIV.
1638 329 1703 360 517

316 421 383 461 chi,
410 425 446 454 et
470 420 620 454 aliorum
639 419 702 463 qui
728 418 969 452 Christianam
995 419 1090 462 apud
1114 419 1236 453 Scotos
1261 420 1430 463 pietatem
1456 420 1547 454 mira
1573 421 1701 454 seduli-

315 483 387 512 tate
404 487 444 511 ae
460 476 647 510 sanctitate
664 480 854 509 auxerunt.
904 474 1062 508 Annales
1080 480 1267 510 nostrates.
1320 475 1469 519 Scripsit

463 532 507 566 In
525 533 642 566 varios
660 531 696 565 S.
715 531 918 576 Scripturae
936 531 1063 566 Libros
1103 532 1164 566 lib.
1184 541 1209 566 Ι.
1262 532 1429 567 Meminit
1447 532 1648 574 Fordunus,
1667 539 1701 568 et

509 588 807 623 Scotichronicon.

362 647 516 682 Vivebat
533 657 626 680 anno
645 655 720 680 MX.
739 646 795 679 die
814 654 938 680 XXIII.
959 645 1176 680 Decembris.

808 760 843 794 S.
872 759 1062 794 ODILIA.
1115 762 1197 798 985.

311 878 347 912 S.
367 877 523 911 ODILIA
540 875 732 915 Ursulana‚
750 886 832 909 cum
850 875 928 909 aliis
947 874 1147 920 virginibus
1165 875 1332 910 Coloniae
1358 887 1468 918 caesa,
1497 878 1698 922 ibidemque

312 935 461 979 sepulta,
488 938 567 978 post
593 933 747 966 multum
773 943 857 966 vero
883 932 1052 976 temporis
1079 932 1274 975 pretiosum
1300 944 1427 978 corpus
1453 935 1542 968 mire
1567 935 1700 968 revela-

312 998 390 1026 tum
408 1003 447 1026 ac
464 991 690 1030 translatum,
711 994 751 1023 ut
769 1000 813 1022 ex
824 989 1053 1022 Lectionibus
1071 988 1333 1023 cruciferorum
1349 991 1393 1023 ad
1413 990 1586 1036 Huyum:
1607 995 1630 1011 ‘⁶
1643 991 1700 1035 Ip-

312 1061 351 1083 sa
369 1049 465 1083 enim
483 1047 575 1081 dixit
592 1047 630 1080 in
648 1047 783 1080 visione
801 1045 824 1079 J
826 1046 932 1079 oanni
950 1046 992 1079 de
1011 1044 1117 1089 Eppa
1134 1056 1303 1080 converso
1322 1047 1481 1087 Parisiis,
1496 1049 1533 1081 in
1547 1060 1698 1082 conven-

310 1111 350 1140 tu
368 1106 520 1139 fratrum
546 1103 695 1137 Sanctae
717 1102 852 1141 Crucis,
880 1102 994 1148 Surge
1021 1101 1143 1141 frater,
1171 1101 1337 1137 Coloniae
1359 1104 1466 1149 juxta
1491 1105 1527 1139 S.
1547 1105 1697 1139 Geronis

310 1162 501 1200 ecclesiam,
520 1161 558 1194 in
576 1160 746 1194 viridario
763 1158 950 1203 Amulphi‚
977 1158 1043 1192 sub
1070 1159 1158 1202 piro,
1183 1159 1221 1192 in
1248 1171 1445 1195 marmoreo
1470 1162 1698 1208 sarcophag0‚

309 1219 467 1254 invenies
498 1229 577 1252 ossa
605 1228 694 1256 mea,
717 1228 808 1261 quae
834 1216 871 1249 in
898 1216 1109 1260 primarium
1131 1215 1167 1249 S.
1197 1216 1322 1251 Crucis
1347 1218 1565 1258 coenobium,
1592 1220 1699 1265 juxta

308 1277 479 1321 oppidum
504 1274 686 1319 Huyense,
714 1274 793 1306 volo
820 1271 1038 1306 transferri.”
1089 1272 1303 1312 Conversus,
1329 1285 1350 1307 a
1372 1275 1489 1317 priore
1513 1275 1697 1311 Coloniam

309 1335 450 1373 missus,
479 1343 560 1366 cum
588 1331 796 1365 thesaurum
823 1330 1007 1363 coelestem
1040 1329 1244 1369 invenisset,
1276 1329 1408 1364 Sifrido
1438 1332 1699 1378 archiepiscopo

309 1390 502 1429 nunciavit,
521 1388 583 1433 qui
602 1398 728 1431 corpus
750 1384 892 1420 Odiliae
910 1387 1074 1426 elevavit,
1101 1397 1141 1420 ac
1167 1388 1348 1431 capsulam
1365 1388 1519 1433 ligneam
1538 1400 1699 1424 reveren-

308 1453 363 1482 ter
376 1447 555 1492 reposuit3
575 1445 699 1478 deinde
717 1444 920 1487 praedictus
939 1454 1141 1483 conversus,
1160 1445 1339 1487 capsulam
1357 1456 1438 1478 cum
1457 1446 1569 1479 literis
1583 1451 1698 1492 gesto-

308 1516 400 1544 rum,
435 1504 525 1538 clam
554 1514 576 1536 a
605 1501 753 1536 Colonia
782 1500 994 1545 digrediens,
1030 1499 1182 1544 Huyum
1212 1502 1408 1542 transtulit,
1441 1504 1485 1536 ad
1516 1504 1697 1537 ecclesiam

308 1562 461 1595 fratrum
488 1560 523 1594 S.
551 1559 699 1598 Crucis;
729 1558 767 1591 in
794 1557 871 1601 ipsa
901 1562 1019 1590 autem
1051 1557 1295 1597 translatione,
1321 1564 1357 1592 et
1382 1559 1419 1592 in
1446 1560 1522 1593 loco
1549 1562 1697 1595 transla-

308 1618 427 1658 tionis,
445 1617 576 1651 crebris
595 1615 775 1649 miraculis
802 1613 1010 1647 coruscavit.
1062 1613 1197 1648 Molan.
1218 1613 1379 1649 Indiculo
1397 1615 1460 1650 SS.
1480 1616 1596 1662 Belgii
1615 1629 1694 1664 pag.

310 1685 399 1710 LIII.

357 1732 468 1766 Passa
485 1731 607 1765 eodem
624 1729 680 1763 die
698 1740 768 1773 quo
786 1729 875 1762 aliae
892 1729 1048 1768 comites,
1066 1728 1195 1762 colitur
1212 1729 1329 1772 passio
1349 1738 1436 1763 XXI.
1454 1729 1578 1764 Octob.
1598 1743 1694 1766 reve-

306 1790 392 1824 latio
421 1787 653 1832 reliquiarum
684 1795 773 1819 XXI.
806 1784 1000 1819 Novembr.
1031 1785 1218 1819 translatio
1248 1785 1371 1820 incidit
1401 1787 1437 1820 in
1465 1787 1558 1821 diem
1588 1797 1692 1822 xnx.

306 1847 330 1880 J
332 1847 408 1881 ulii.
461 1844 638 1882 Canisius‚
659 1843 837 1882 Molanus,
856 1846 935 1876 acta
954 1842 1067 1886 Huyi.

758 1955 794 1989 S.
821 1954 1111 1990 ODRANNUS.
1164 1955 1247 1993 986.

307 2076 342 2108 S.
371 2073 601 2107 ODRANNUS
627 2070 752 2105 Scotus
783 2069 818 2103 S.
851 2069 1048 2103 Patricium
1076 2069 1232 2110 Scotum,
1264 2071 1307 2104 ad
1336 2072 1599 2106 conversionem
1627 2074 1691 2107 Hi-

308 2131 469 2165 bernicae
511 2129 638 2175 gentis,
673 2139 692 2161 e
726 2127 843 2171 patria
876 2126 1069 2170 discipulus
1103 2131 1255 2167 secutus,
1299 2127 1383 2161 dum
1427 2129 1535 2163 durae
1577 2132 1693 2176 gentis

306 2187 457 2222 cervices
483 2186 574 2231 jugo
604 2184 778 2230 evangelii
814 2182 1022 2216 submittere
1056 2183 1195 2223 nititur,
1232 2185 1307 2228 ipse
1341 2190 1446 2229 caput
1480 2188 1604 2227 securi,
1639 2189 1693 2222 in—

307 2244 477 2289 trepidus,
530 2248 637 2286 atque
690 2241 869 2274 animosus
924 2238 1058 2273 Christi
1114 2245 1261 2284 martyr,
1317 2242 1492 2282 submisit,
1548 2244 1691 2288 utrique

307 2301 406 2347 genti
448 2300 623 2334 colendus.
700 2296 956 2331 Miraculorum
999 2297 1149 2341 gloriam
1191 2298 1470 2342 cooperabantur
1511 2300 1690 2346 ingentem

306 2368 423 2393 sacrae
454 2356 633 2401 reliquiae,
665 2354 853 2388 Glascuam
884 2357 963 2396 post
998 2353 1132 2397 aliquot
1166 2356 1281 2388 secula
1315 2355 1464 2396 relatae3
1504 2357 1597 2390 unde
1631 2359 1689 2391 ad-

306 2416 415 2449 ducor
461 2419 501 2448 ut
553 2411 775 2447 Glascuensis
823 2409 984 2443 ecclesiae
1032 2410 1190 2453 plantam
1232 2412 1444 2452 existimem,
1487 2423 1577 2456 quae
1619 2425 1691 2447 me-

974 2469 995 2500 2
1015 2474 1037 2499 Β
