2060 2848
400 298 463 331 594
785 297 1017 331 HISTORIA
1040 297 1413 331 ECCLESIASTICA
1443 306 1445 309 ’

403 394 585 427 cellentem
604 393 743 427 laudem
762 391 886 426 Jacobi
904 392 949 427 V.
973 392 1050 439 regi
1066 392 1222 427 maxime
1243 392 1442 434 familiaris,
1466 394 1518 428 ait
1534 393 1691 429 Joannes
1709 394 1794 429 Les-

404 452 500 484 laeus
518 450 579 484 lib.
599 459 639 484 x.
658 461 740 496 pag.
760 459 916 484 Dxxnl.
936 461 1057 495 nepos,
1074 455 1116 485 ut
1132 455 1231 495 puto,
1251 449 1399 485 Henrici
1416 450 1513 485 illius
1530 452 1591 496 qui
1610 452 1795 497 episcopus

403 506 628 542 Glascuensis
649 506 877 553 [Rossensis]
896 508 1021 542 calculi
1038 508 1158 543 dolore
1175 507 1341 543 Lutetiae
1367 509 1565 543 exstinctus
1589 514 1653 549 est,
1680 515 1721 544 ut
1739 510 1793 544 in-

402 564 458 598 fra
476 565 623 599 videbis.
675 565 825 609 Scripsit

551 621 689 668 Legum
721 622 965 657 Romanarum
996 624 1041 657 ad
1070 622 1186 668 Leges
1224 622 1363 657 Scotiae
1393 624 1625 668 municipales
1656 623 1795 657 Reduc-

598 679 731 713 tionem
1293 679 1355 712 lib.
1376 688 1401 713 1.

550 735 672 770 Novas
688 735 713 769 J
716 736 878 770 udiciarii
895 735 1043 769 Ordinis
1060 734 1176 782 Leges
1292 736 1353 770 lib.
1375 745 1400 769 1.

548 792 827 838 Abrogationem
845 792 870 826 J
872 792 947 827 uris
965 792 1106 836 antiqui
1291 793 1353 827 lib.
1374 802 1400 827 1.

453 849 574 884 Rediit
592 860 636 883 ex
653 848 779 883 Galliis
797 850 942 883 ineunte
960 860 1053 883 anno
1072 857 1204 883 MDLV.
1223 860 1288 883 nec
1304 851 1409 895 plura
1424 849 1469 884 de
1486 861 1538 885 eo.

697 963 959 998 HENRICUS
985 962 1269 998 SINCLARUS
1293 963 1339 998 E.
1394 966 1503 1002 1072.

404 1078 621 1113 HEchUs
652 1078 843 1119 Sinclarus,
874 1078 1027 1112 decanus
1053 1077 1291 1125 Ghscuensis,
1315 1083 1351 1113 et
1373 1079 1559 1124 episcopus
1583 1081 1794 1122 Rossensis;

401 1148 490 1181 quae
508 1136 727 1170 nobilissima
744 1135 881 1170 familia
897 1136 992 1180 apud
1011 1134 1145 1175 Scotos,
1171 1141 1207 1170 et
1227 1136 1489 1181 antiquissima,
1508 1148 1530 1171 a
1548 1136 1662 1172 Gallis
1686 1139 1796 1185 origi-

400 1205 480 1228 nem
511 1194 633 1234 traxit,
660 1193 810 1228 Sanctae
835 1194 961 1228 Clarae
986 1193 1093 1227 titulo
1118 1193 1282 1239 insignis.
1334 1192 1440 1229 Hect.
1468 1193 1597 1228 Boeth.
1630 1195 1692 1230 lib.
1721 1205 1795 1231 xu-

400 1251 538 1286 Histor.
552 1251 651 1288 Scot.
670 1262 751 1297 pag.
770 1259 939 1285 CCLVIII.
992 1250 1063 1284 Hic
1088 1251 1191 1296 gravi
1217 1251 1342 1285 calculi
1368 1251 1488 1285 dolore
1512 1256 1664 1286 vexatus
1688 1252 1797 1288 Lute-

399 1309 486 1342 tiam
504 1309 613 1349 venit,
637 1310 823 1353 desperato
845 1310 940 1343 malo
957 1308 1152 1342 remedium
1171 1308 1388 1348 sortiturus3
1415 1308 1633 1344 medicorum
1651 1310 1798 1346 consilio

399 1366 443 1400 ab
461 1365 607 1400 Andrea
624 1365 820 1400 Laurentio
838 1366 988 1406 excisus,
1005 1376 1072 1410 par
1093 1369 1195 1409 tanto
1219 1365 1334 1399 dolori
1357 1366 1454 1401 ultra
1478 1370 1552 1401 tres
1568 1377 1707 1402 menses
1726 1378 1797 1402 uon

399 1423 478 1457 fuit.
529 1423 678 1468 Scripsit

546 1480 730 1520 Analecta,
745 1491 807 1514 seu
821 1480 1041 1515 Adversaria
1053 1481 1099 1515 ad
1113 1479 1314 1515 Historiam
1331 1480 1508 1515 Senticam
1520 1482 1577 1516 sui
1594 1481 1795 1527 Temporis,

598 1538 727 1573 Latine
750 1543 786 1572 et
811 1538 957 1578 Scotice,
983 1543 1025 1573 ut
1047 1543 1202 1572 testatur
1223 1537 1380 1572 Joannes
1405 1537 1692 1574 Pedemontanus
1709 1539 1796 1575 Fer-

598 1596 710 1629 rerius
728 1596 766 1629 in
789 1595 1009 1639 praefatione
1033 1597 1077 1630 ad
1093 1595 1412 1630 Continuationem
1437 1595 1620 1631 Historiae
1638 1596 1795 1632 scoticae

599 1652 764 1687 Hectoris
783 1652 939 1694 Boethii,
960 1653 1022 1687 ubi
1040 1654 1144 1697 plura
1161 1653 1205 1687 de
1222 1664 1274 1687 eo.

451 1710 664 1744 Exstinctus
682 1714 735 1743 est
752 1710 920 1744 Lutetiae
937 1721 982 1744 ex
999 1710 1123 1744 calculi
1141 1711 1312 1744 incisione
1328 1710 1416 1754 ipsis
1440 1710 1595 1745 calendis
1611 1710 1794 1746 Januariis

400 1780 492 1803 anno
528 1776 691 1801 MDLXv.
730 1778 810 1801 cum
845 1768 1000 1801 insectus
1036 1767 1164 1801 fuisset
1197 1778 1291 1803 anno
1326 1775 1508 1801 MDLXIV.
1548 1768 1606 1802 die
1641 1776 1793 1802 xxvm.

399 1825 576 1870 Septemb.
606 1825 732 1859 aetatis
758 1836 842 1858 suae
865 1835 959 1858 anno
984 1834 1070 1858 vero
1097 1832 1215 1858 LVIII.
1267 1824 1397 1858 Pacem
1420 1835 1500 1858 cum
1519 1823 1649 1871 Anglis
1676 1830 1795 1859 orator

399 1883 536 1928 pepigit
553 1893 646 1916 anno
666 1890 768 1915 MDL.
816 1881 839 1915 J
842 1892 973 1916 oannes
991 1881 1160 1916 Leslaeus
1177 1882 1239 1916 lib.
1258 1890 1299 1915 x.

733 1996 757 2030 J
760 1995 967 2031 OANNES
993 1994 1287 2031 SINCLARUS.
1343 1997 1450 2033 1073.

398 2112 421 2145 J
424 2120 589 2146 oANNEs
607 2111 797 2151 Sinclarus,
815 2110 927 2145 frater
946 2110 1105 2150 Henrici,
1123 2111 1276 2152 decanus
1294 2110 1487 2155 Restalrig,
1513 2119 1629 2145 comes
1652 2110 1729 2155 ejus
1750 2111 1789 2144 in

399 2168 562 2208 Galliam,
589 2173 624 2203 et
647 2180 726 2203 cum
751 2168 833 2202 inde
856 2168 895 2201 in
918 2167 1073 2202 Scotiam
1094 2168 1268 2208 rediisset,
1286 2167 1386 2202 brevi
1409 2166 1606 2201 exstinctus
1622 2172 1677 2201 est
1694 2166 1792 2202 febre

399 2231 512 2259 acuta.
565 2224 712 2270 Scripsit

547 2281 759 2316 Additiones
797 2282 842 2315 ad
875 2281 1102 2327 Apparatum
1134 2281 1316 2316 Historiae
1346 2281 1503 2316 Scoticae
1536 2280 1682 2315 Henrici
1722 2281 1791 2315 fra-

594 2339 660 2373 tris
1285 2339 1347 2374 lib.
1368 2347 1394 2372 1.

447 2395 547 2429 Obiit
563 2406 658 2430 anno
677 2404 857 2430 MDvar.
