2060 2848
673 329 848 363 GENTIS
871 329 1154 369 SCOTORUM.
1170 331 1258 363 LIB.
1282 331 1378 363 XVI.
1647 332 1711 363 549

425 435 427 438 ·
480 423 527 457 In
542 421 711 457 Exodum

481 478 526 513 In
543 478 720 514 Numeros

479 534 524 570 In
540 535 858 570 Deuteronomium

481 591 532 626 In·
544 591 707 626 Thi-enos

1188 424 1249 459 lib.
1268 431 1322 457 ιν.

1184 480 1246 514 lib.
1264 487 1318 514 IV.

1186 536 1247 570 lib.
1267 544 1320 569 1v.

1182 591 1243 626 lib.
1262 600 1322 626 111.
1350 592 1412 636 qui
1435 592 1524 626 falso
1544 592 1712 627 hactenus

528 660 550 683 a
574 648 808 694 typographis
833 648 928 682 Divo
947 647 1168 693 Hieronymo
1184 653 1269 683 sunt
1286 648 1461 683 attributi.
1512 648 1635 684 Sixtus
1652 649 1710 684 Se-

533 705 653 739 nensis
671 709 706 739 et
724 704 972 739 Bellarminus.

479 761 535 796 De
553 761 736 796 Laudibus
755 761 791 795 S.
810 761 934 796 Crucis
952 762 1012 796 lib.
1032 770 1057 796 1.
1080 763 1238 797 oratione
1254 763 1380 803 soluta,
1399 774 1487 807 opus
1504 763 1614 807 pium.

481 817 536 852 De
566 819 687 852 eadem
713 819 774 853 lib.
806 827 832 852 1.
862 818 1184 864 ingeniosissimum
1213 829 1364 859 carmen,
1394 824 1430 853 et
1456 830 1537 853 raro
1567 819 1713 854 artificio

528 875 759 915 elaboratum,
785 875 968 909 continens
986 883 1120 910 xxvn.
1138 874 1326 915 schemata,
1343 886 1406 910 seu
1422 875 1564 921 figuras,
1584 877 1711 921 quibus

529 931 693 966 omnibus
718 931 876 966 miniatis
904 932 1017 967 literis
1045 936 1142 966 certa
1170 932 1396 976 proportione
1425 933 1711 967 concurrentibus

527 987 627 1022 Crux
644 987 803 1022 efficitur.
854 987 955 1032 Opus
978 988 1044 1022 hoc
1066 988 1288 1022 dedicaverat
1311 987 1483 1035 Gregorio
1500 989 1565 1023 IV.
1583 989 1629 1023 D.
1649 989 1713 1023 Pe-

529 1048 586 1078 tro
620 1044 848 1084 offerendum,
878 1045 940 1078 sed
974 1055 1015 1078 eo
1047 1044 1213 1079 defuncto
1247 1045 1293 1078 ad
1328 1044 1491 1091 Sergium
1525 1045 1574 1080 11.
1605 1047 1712 1081 misit.

530 1099 656 1134 Edidit
680 1111 794 1144 nuper
818 1100 884 1134 hoc
908 1111 1029 1134 rarum
1058 1105 1327 1135 monumentum
1352 1100 1505 1136 Jacobus
1531 1102 1714 1147 lVimphe-

528 1158 672 1203 ling-ius.
722 1157 927 1201 Exemplar,
945 1161 1043 1201 puto,
1061 1157 1186 1193 habuit
1209 1167 1231 1190 a
1255 1156 1454 1202 Porphyrio
1477 1160 1589 1198 exule,
1615 1160 1713 1205 cujus

531 1214 662 1248 similia
678 1218 801 1248 extant
819 1218 991 1257 poemata.

482 1270 527 1305 In
544 1270 744 1305 Leviticum

483 1326 528 1361 In
544 1326 568 1360 J
570 1338 654 1361 osue
728 1349 730 1351 -

483 1383 527 1418 In
547 1382 715 1430 [librum]
734 1383 759 1417 J
761 1383 902 1418 udicum

484 1439 528 1474 In
545 1440 675 1475 librum
693 1440 797 1475 Ruth

484 1496 528 1531 In
545 1497 652 1532 libros
671 1497 810 1543 Regum

532 1554 686 1598 scripsit.

485 1610 529 1644 In
547 1609 702 1645 Esdram

485 1666 529 1701 In
546 1665 569 1701 J
572 1667 676 1701 udith

484 1722 528 1757 In
547 1723 678 1759 Hester

485 1778 530 1813 In
547 1779 571 1813 J
572 1780 618 1814 ob

487 1834 530 1869 In
550 1835 743 1870 Proverbia
759 1836 955 1871 Salomonis

488 1891 533 1926 In
551 1891 701 1926 Tobiam

488 1947 532 1981 In
550 1947 709 1982 Psalmos

486 2003 531 2038 In
548 2003 694 2039 Esaiam
712 2004 926 2049 Prophetam

488 2060 532 2094 In
551 2059 769 2095 Hieremiam

489 2116 533 2150 In
550 2116 772 2151 Ezechielem

490 2173 534 2208 In
550 2172 734 2208 Danielem

492 2229 532 2263 In
552 2229 789 2275 Evangelium
808 2229 982 2264 Matthaei

492 2286 535 2320 In
552 2284 789 2331 Evangelium
808 2285 925 2320 Lucae

492 2341 535 2375 In
553 2341 790 2388 Evangelium
808 2341 920 2376 Marci

490 2397 533 2432 In
553 2396 789 2444 Evangelium
807 2398 831 2432 J
832 2399 955 2433 oannis

1000 2458 1021 2489 2
1040 2464 1065 2489 G

1194 1270 1253 1304 lib.
1274 1279 1327 1304 1v.

1196 1326 1256 1361 lib.
1277 1335 1318 1360 11.

1193 1383 1253 1417 lib.
1274 1391 1316 1417 11.

1191 1439 1252 1473 lib.
1272 1448 1297 1475 1.

1191 1496 1252 1530 lib.
1272 1505 1326 1530 lv.
1352 1508 1440 1542 quos
1465 1498 1637 1533 Hilduino
1665 1501 1716 1533 in-

1194 1610 1255 1644 lib.
1275 1618 1335 1644 111.

1192 1666 1253 1700 lib.
1272 1675 1343 1700 vn.

1194 1723 1254 1758 lib.
1275 1732 1300 1757 1.

1194 1779 1255 1813 lib.
1275 1789 1300 1814 1.

1196 1837 1256 1870 lib.
1277 1846 1300 1870 1.

1196 1893 1256 1926 lib.
1277 1902 1301 1926 1.

1193 1948 1252 1982 lib.
1275 1958 1299 1982 1.

1193 2005 1253 2039 lib.
1274 2014 1361 2040 vm.

1192 2062 1251 2095 lib.
1272 2071 1341 2096 xx.

1191 2118 1251 2152 lib.
1271 2127 1341 2153 xx.

1190 2174 1250 2209 lib.
1270 2183 1329 2208 111.

1190 2231 1249 2265 lib.
1270 2240 1357 2265 vm.

1192 2287 1253 2321 lib.
1274 2296 1332 2321 111.

1194 2344 1254 2378 lib.
1274 2353 1326 2378 1v.

1194 2400 1252 2434 lib.
1273 2410 1297 2434 1.
