2060 2848
718 280 892 315 GENTIS
916 282 1190 324 SCOTORUM,
1214 284 1302 317 LIB.
1326 285 1426 318 XIX.
1700 286 1762 318 681

953 538 1136 580 LIBER
1164 540 1198 580 I.

774 668 828 694 DE
847 667 1022 700 mcoms,
1041 669 1286 702 mammomz,
1304 661 1369 696 &c.

427 774 513 819 Cap.
533 774 562 808 1.
607 774 786 808 Hetrusci.
830 774 973 808 Thusci.
1018 774 1208 820 Tyrrheni.
1247 774 1353 820 Lydi.
1397 775 1547 822 Pelasgi.
1590 776 1755 822 Aborigi-

378 842 451 865 nes.
490 830 656 865 Arcades.
696 830 835 866 Incolae
847 831 1067 865 recentiores.
1111 831 1275 865 Potentia
1288 837 1323 866 et
1337 843 1418 876 opes
1432 837 1591 866 veterum
1608 832 1756 867 Hetrus-

377 900 510 923 corum.
554 888 700 932 Imperii
712 888 809 922 fines.
857 888 929 922 Soli
943 888 1107 928 conditio,
1126 888 1269 933 frugum
1287 888 1460 923 feracitas.
1503 888 1609 923 Vina.
1651 890 1755 923 Aeris

377 946 575 990 temperies.
617 944 743 990 Aquae
761 946 962 986 medicatae,
983 950 1017 979 et
1036 945 1179 979 Balnea.
1227 945 1378 991 Religio.
1425 946 1486 979 Dii
1504 947 1651 990 proprii.
1692 946 1753 980 Dii

376 1014 456 1036 cum
483 1002 654 1037 Romanis
680 1013 892 1036 communes.
948 1001 1072 1035 Janus.
1127 1002 1320 1036 Oraculum
1346 1001 1515 1047 Tethyos.
1566 1002 1690 1048 Leges,
1719 1008 1754 1036 et

378 1059 508 1093 Politia
531 1063 645 1093 vetus.
696 1059 848 1105 Lingua.
901 1058 1019 1092 Multa
1035 1058 1204 1092 vocabula
1220 1062 1332 1092 eruta.
1384 1058 1525 1093 Literae
1550 1070 1590 1092 ac
1615 1060 1753 1094 dialecti

375 1121 540 1160 quatuor,
568 1116 670 1156 Osca,
695 1115 876 1156 Rhaetica,
902 1115 1051 1154 Falisca,
1074 1114 1252 1149 Umbrica.
1304 1114 1348 1148 In
1370 1116 1572 1161 peregrinos
1598 1117 1753 1150 comitas.

375 1172 540 1206 Artifices
559 1173 596 1206 in
613 1173 738 1217 pretio.
790 1171 865 1206 Sub
882 1173 1001 1206 eadem
1020 1176 1116 1205 veste
1134 1182 1214 1204 cum
1236 1171 1407 1205 uxoribus
1431 1183 1584 1206 coenare.
1638 1172 1754 1206 Poena

373 1231 606 1264 decoctorum.
658 1229 785 1263 Servos
803 1229 847 1263 ad
865 1239 991 1263 sonum
1009 1227 1116 1262 tibiae
1133 1228 1285 1262 caedere.
1337 1228 1543 1262 Provinciae
1561 1240 1581 1262 a
1604 1228 1754 1263 Thuscis

373 1291 482 1321 ortae.

930 1505 1112 1546 LIBER
1142 1505 1199 1545 II.

935 1636 990 1661 DE
1009 1635 1195 1662 REGIBUS.

422 1744 508 1788 Cap.
527 1742 556 1776 Ι.
599 1742 794 1776 Stemmata
807 1741 947 1786 Regum
965 1740 1030 1775 IV.
1048 1740 1073 1774 J
1074 1742 1254 1786 anigenae,
1272 1739 1407 1785 Coryti,
1424 1740 1561 1781 Lartes,
1574 1742 1747 1778 Lucumo-

372 1813 444 1836 nes.
486 1800 577 1834 Jura
589 1799 732 1845 regalia,
745 1803 780 1833 et
794 1802 1010 1832 ornamenta.
1049 1796 1204 1831 Stemma
1215 1799 1380 1841 primum.
1414 1798 1539 1832 Janus.
1574 1799 1746 1835 Cameses.

374 1858 575 1892 Tiberinus.
626 1855 858 1889 Vertumnus.
909 1853 1049 1887 Aunus.
1100 1853 1240 1899 Regum
1256 1854 1416 1888 fictorum
1431 1855 1476 1888 ab
1489 1854 1609 1890 Annio
1622 1861 1656 1890 et
1670 1858 1746 1891 aliis

372 1915 575 1960 Catalogus.
627 1912 818 1957 Catalogus
852 1912 940 1945 alter
973 1915 1079 1954 atque
1111 1909 1303 1944 fabulosus.
1355 1910 1510 1945 Stemma
1543 1913 1745 1946 secundum.

371 1970 562 2016 Corythus.
615 1969 806 2014 Catalogus
829 1967 956 2002 tertius
979 1966 1120 2012 Regum
1143 1966 1357 2001 fictitiorum.
1410 1967 1565 2002 Stemma
1588 1970 1744 2004 tertium.

372 2028 454 2062 Lar.
509 2026 665 2061 Stemma
688 2030 865 2070 quartum.
918 2023 1088 2057 Lucumo.
1141 2021 1289 2057 Fontus.
1338 2023 1490 2058 Aunius.
1542 2025 1743 2060 Deheberis.

371 2084 523 2118 Tiberis.
563 2083 694 2117 Tibris.
733 2081 877 2115 Aeolus.
916 2080 1079 2124 Liparus.
1119 2079 1266 2114 Melens.
1310 2080 1480 2116 Rhaetus.
1519 2082 1743 2117 Malaeottus.

372 2141 581 2175 Hetruscus.
604 2139 779 2173 Thuscus.
804 2137 1024 2183 Tyrrhenus.
1048 2136 1198 2171 Rasena.
1223 2136 1358 2171 Nicius.
1382 2137 1537 2172 Pisaeus.
1561 2138 1744 2180 Halaesus,

377 2196 490 2244 [sive]
504 2197 645 2231 Alesus.
685 2195 860 2229 Tarchon.
900 2193 1076 2227 Felsinus.
1115 2193 1247 2228 BonuS.
1286 2192 1423 2228 Atrius.
1463 2194 1581 2229 Ocnus
1599 2195 1743 2231 Bianor.

370 2254 581 2289 Mezentius.
623 2252 765 2297 Asylas.
807 2250 915 2286 Abas.
958 2249 1141 2284 Massicus.
1185 2250 1341 2285 Osinius.
1381 2250 1548 2286 Morrius.
1588 2252 1740 2287 Clusius.

1024 2308 1045 2340 3
1063 2317 1091 2340 A
