2060 2848
373 326 430 355 ΜΞ
750 325 980 358 HISTORIA
1006 325 1378 359 ECCLESIASTICA

370 420 507 454 iic-entia
537 421 763 461 restauravit,
795 421 908 461 auxit,
939 421 982 455 de
1018 431 1111 455 novo
1142 421 1266 461 erexit,
1302 422 1511 455 vestiarium
1548 422 1764 465 supellectile

370 490 477 512 aurea
490 484 525 513 et
539 483 717 525 argentea,
732 479 891 513 vestibus
905 480 1069 524 pretiosis
1083 479 1253 514 instruxit
1273 479 1497 524 ornavitque,
1513 479 1763 513 canonicorum

369 547 556 570 numerum
579 537 691 576 auxit,
720 537 846 570 sacella
871 536 1048 576 fundavit,
1075 537 1228 570 musicos
1254 537 1328 571 suis
1354 537 1557 581 sumptibus
1584 537 1621 569 in
1639 547 1761 580 perpe—

368 599 470 627 tuum
495 594 679 634 stabilivit,
694 599 801 638 ponte
819 594 952 640 insigni
971 593 1101 627 Taium
1121 594 1262 634 stravit,
1282 594 1412 628 turrim
1439 606 1503 628 seu
1527 594 1724 638 campanile
1743 606 1762 627 a

368 651 610 685 fundamentis
630 651 832 694 exstruxit;
862 655 907 691 et,
926 662 970 685 ne
988 652 1133 697 ingenio
1151 651 1269 686 minor
1286 663 1394 696 quam
1413 652 1473 685 alii
1493 652 1630 686 actibus
1650 651 1763 685 videri

368 709 490 752 possit,
509 708 651 752 scripsit

514 765 636 800 Vitam
654 765 678 798 J
680 766 805 799 oannis
824 764 993 809 Episcopi
1036 765 1095 799 lib.
1118 775 1143 800 1.
1184 765 1255 799 Hic
1269 771 1322 800 est
1336 766 1378 799 de
1397 777 1468 810 quo
1486 767 1546 800 lib.
1568 775 1624 799 IX.
1643 777 1765 809 supra,

563 824 625 867 qui
643 822 678 856 S.
698 822 864 856 Andreae
882 823 1100 868 designatus,
1126 827 1206 866 post
1225 831 1297 855 VII.
1325 834 1500 857 annorum
1519 824 1556 857 in
1575 822 1674 856 curia
1692 822 1762 856 Ro-

563 892 669 915 mana
691 891 820 920 moras,
846 880 1110 914 Dunkeldensis
1138 880 1286 914 antistes
1314 878 1413 920 obiit,
1441 881 1764 924 miraculorumque

561 939 675 985 gloria
692 938 891 972 irradiavit.

511 997 730 1031 Concionum
748 1006 929 1030 sacrarum
948 1007 1036 1040 opus
1310 995 1370 1031 lib.
1391 1005 1416 1029 1.

513 1054 678 1088 Postillas
697 1054 735 1087 in
754 1053 955 1099 Evangelia
1304 1054 1364 1087 lib.
1388 1063 1415 1088 1.

508 1112 670 1146 Canones
688 1111 867 1145 Ecclesiae
885 1122 970 1145 suae
1305 1112 1366 1145 lib.
1388 1121 1412 1145 1.

412 1170 511 1204 Obiit
529 1181 622 1204 anno
642 1177 930 1203 Mccchxxxi.
957 1169 1013 1203 die
1043 1178 1097 1203 1v.
1123 1168 1364 1210 Novembris;
1392 1169 1484 1203 sedit
1510 1168 1612 1202 annis
1641 1177 1759 1201 xxm.

364 1228 601 1272 Epitaphium
627 1227 658 1261 ei
687 1238 731 1261 ex
761 1237 858 1260 more
884 1226 1043 1271 positum
1070 1226 1136 1260 hoc
1162 1226 1276 1270 reperi
1303 1227 1495 1265 numerale,
1528 1226 1588 1259 sed
1615 1236 1760 1268 corrup-

362 1287 540 1320 tissimum
554 1296 561 1318 :

621 1376 710 1410 Grex,
726 1375 787 1404 sine
801 1374 946 1403 moestitia
962 1374 1077 1403 Christo
1094 1374 1185 1404 funde
1199 1380 1315 1413 precata

660 1423 714 1451 Pro
728 1427 840 1461 pastore
856 1422 968 1450 Thoma
982 1422 1094 1451 Laudir
1108 1422 1223 1451 aureola
1234 1433 1243 1456 ς

618 1470 714 1506 Quem
729 1474 861 1498 sanctum
878 1469 1007 1498 Pneuma
1021 1469 1154 1504 ducatur,
1169 1470 1235 1509 pius
1249 1475 1336 1508 atque
1351 1469 1500 1501 Columba,

657 1517 706 1545 Ad
720 1516 790 1546 coeli
805 1527 960 1551 summum,
975 1517 1065 1555 Virgo
1081 1517 1174 1546 Maria
1188 1517 1333 1546 thronum.

617 1565 738 1593 Vixerat
752 1565 804 1593 hac
820 1563 887 1593 sede
901 1564 1016 1603 praesul
1030 1564 1168 1603 fulgendo
1182 1564 1292 1597 decore,

657 1612 752 1640 Annis
766 1618 810 1640 ter
822 1611 904 1640 denis
918 1611 1031 1640 actibus
1044 1612 1214 1645 innumeris,

618 1661 659 1687 M.
678 1658 766 1688 semel
781 1667 809 1686 L.
823 1665 853 1688 et
867 1664 912 1687 ter
926 1669 958 1688 ac
974 1669 1031 1687 uno
1044 1668 1069 1687 c.
1083 1665 1187 1698 quater
1201 1658 1291 1687 annis.

365 1752 523 1785 Putarim
542 1754 747 1794 corruptum
766 1760 869 1794 posse
886 1749 988 1783 facile
1006 1750 1055 1782 sic
1073 1750 1214 1783 restitui
1234 1749 1431 1793 epicedium
1447 1758 1455 1780 :

617 1840 707 1874 Grex,
723 1840 784 1869 sine
799 1840 943 1869 moestitia
953 1840 1012 1878 jam
1029 1840 1144 1869 Christo
1157 1840 1248 1868 funde
1263 1845 1378 1878 precata

656 1888 711 1916 Pro
726 1894 838 1926 pastore
854 1887 965 1916 Thoma
980 1887 1089 1916 Laudir
1103 1887 1217 1916 aureola
1228 1899 1237 1921 ;

615 1936 709 1971 Quem
725 1941 856 1964 sanctum
873 1935 1003 1964 Pneuma
1018 1934 1151 1968 adducat,
1165 1935 1230 1974 pius
1245 1940 1331 1973 atque
1347 1934 1495 1967 Columba,

654 1982 702 2011 Ad
717 1983 787 2012 coeli
802 1993 957 2016 summum,
972 1987 1002 2012 et
1016 1982 1107 2021 Virgo
1121 1983 1215 2011 Maria
1229 1983 1374 2011 thronum.

686 2090 920 2124 JOANNES
946 2089 1268 2125 LEOCHAEUS.
1322 2092 1404 2124 821.

354 2208 374 2239 J
380 2216 546 2240 (mxxi-:s
566 2207 768 2241 Leochaeus
787 2206 880 2241 Duci
899 2206 1081 2241 Tremolio
1099 2218 1213 2251 nuper
1232 2206 1412 2251 inscripsit
1430 2216 1565 2249 poema,
1588 2206 1643 2239 cui
1665 2206 1751 2239 titu-

351 2267 421 2298 lum
443 2266 534 2304 fecit,

498 2323 526 2356 F
529 2324 619 2356 lores
638 2323 808 2357 Kalendis
829 2323 919 2357 Maii
1292 2322 1352 2355 lib.
1374 2331 1398 2354 1.

496 2380 549 2414 De
567 2381 636 2426 Spe
654 2380 752 2425 Epos
1293 2379 1354 2413 lib.
1375 2387 1399 2412 Ι.

496 2438 629 2472 Contra
649 2438 842 2483 Episcopos
861 2438 984 2474 Scotos
1003 2438 1181 2484 Satyram,
1200 2449 1271 2482 quo
1284 2437 1427 2472 nomine
1441 2436 1547 2471 exilio
1562 2438 1747 2471 multatus,
