2060 2848
379 275 443 307 598
766 272 999 306 HISTORIA
1023 271 1333 306 ECCLESIASTI
1338 272 1398 304 CA

384 376 584 403 MCCXMV.
604 366 777 403 Pontifice
793 367 1003 403 Innocentio
1020 366 1086 402 IV.
1105 366 1273 412 Augusto
1297 366 1501 411 Rodulpho,
1527 376 1611 412 rege
1638 364 1777 400 Seotiae

382 425 589 459 Alexandro
607 424 655 459 11.
711 425 821 460 Plura
845 425 1049 460 Fridericus
1072 425 1203 460 Pucius
1222 425 1466 459 Bruxellensis
1484 425 1521 458 in
1540 423 1779 458 Carmelitana

382 482 615 517 Bibliotheca.

670 597 936 632 SCONANUS
961 597 1252 632 ANONYMUS
1276 597 1329 632 M.
1382 599 1492 635 1079.

384 713 602 747 SCONANUS
628 712 823 746 monachus
847 722 1058 756 anonymus,
1085 712 1161 745 sive
1186 722 1280 745 unus
1307 716 1460 752 tantum,
1489 712 1565 745 sive
1591 722 1635 745 ex
1660 712 1782 745 eodem

385 770 553 804 coenobio
569 770 701 813 plures,
721 773 763 802 ut
780 780 822 802 ea
839 773 955 802 aetate
972 769 1082 802 moris
1100 772 1188 809 erat,
1206 768 1349 813 scripsit

532 826 735 860 Chronicon
752 826 798 860 ab
816 826 920 860 initio
945 825 1075 859 Mundi
1102 826 1147 859 ad
1174 836 1239 859 sua
1257 825 1437 870 Tempora
1463 826 1523 860 lib.
1544 835 1580 859 V.
1632 825 1784 860 Viderat

582 882 758 929 Georgius
777 883 1030 923 Buchananus,
1048 888 1085 918 et
1101 894 1205 928 saepe
1222 884 1260 917 in
1280 882 1444 917 Historia
1467 894 1533 917 sua
1551 894 1632 917 eum
1650 883 1783 917 laudan

582 941 727 975 Alicubi
745 941 783 975 in
800 941 920 975 Scotia
937 946 1153 981 asservatur,
1171 941 1352 975 communi
1370 940 1581 974 insanientis
1602 940 1785 974 haereseos

582 999 672 1033 cladi
691 1004 887 1044 exemptus.
940 999 998 1033 Eo
1019 1010 1135 1043 opere,
1155 998 1222 1032 etsi
1240 1009 1296 1032 res
1318 1008 1441 1032 omnes
1460 998 1593 1043 ubique
1609 1004 1785 1032 terrarum

583 1060 702 1102 gestas
716 1056 1005 1100 comprehendat,
1025 1056 1194 1102 peculiari
1213 1060 1332 1090 tamen
1350 1055 1489 1090 ratione
1506 1056 1687 1089 ecclesiam
1706 1055 1786 1089 Sco-

583 1114 690 1148 ticam
708 1114 878 1148 illustrat.

438 1170 621 1205 Scribebat
638 1182 732 1205 anno
752 1179 1068 1205 moccenxxxvn

850 1260 1154 1319 scoTELLUS.
1193 1287 1315 1319 ·1080.

389 1400 629 1436 SCOTELLUS
657 1401 696 1434 in
726 1400 848 1435 Indice
872 1401 1041 1445 anonymi
1071 1405 1135 1441 est,
1164 1405 1200 1435 et
1226 1400 1346 1435 docuit
1371 1399 1561 1446 Andegavi
1582 1400 1644 1446 jus
1674 1400 1788 1434 civile.

389 1458 539 1503 Scripsit

539 1515 594 1549 De
611 1514 635 1549 J
637 1516 964 1550 urisconsultorum.
975 1515 1200 1550 Successione
1333 1515 1394 1550 lib.
1414 1524 1440 1548 1.

438 1572 593 1607 Vivebat
611 1583 705 1607 anno
723 1581 844 1607 ΜΒΝ.
895 1572 1003 1607 Alius
1020 1577 1075 1607 est
1092 1572 1223 1607 Petrus
1241 1573 1444 1618 Aquilanus
1462 1572 1660 1618 theologus.

741 1686 976 1721 JOANNES
1002 1686 1210 1722 STEWES
1237 1687 1279 1721 P.
1334 1689 1440 1721 1081.

392 1803 584 1836 JOANNES
614 1802 760 1842 Stewes,
792 1801 948 1837 officialis
984 1802 1020 1836 S.
1060 1802 1237 1843 Andreae,
1270 1815 1291 1837 a
1322 1801 1454 1837 ‚Iacobo
1482 1803 1510 1836 Ι.
1546 1814 1628 1848 rege
1654 1803 1788 1837 liberali

395 1860 595 1894 conditione
613 1855 800 1900 invitatus,
818 1870 912 1894 unus
931 1859 1002 1893 fuit
1019 1871 1063 1894 ex
1084 1860 1210 1904 primis
1236 1860 1442 1895 doctoribus
1468 1861 1528 1905 qui
1556 1860 1790 1905 Andreapoli-

394 1923 514 1952 tanam
545 1918 761 1951 academiam
795 1917 869 1952 suis
900 1917 1196 1961 praelectionibus
1227 1918 1465 1952 illustrarunt.
1523 1917 1629 1952 Hect.
1661 1917 1788 1952 Boeth.

397 1975 456 2009 lib.
478 1984 562 2009 xvl.
583 1975 722 2009 Histor.
742 1975 836 2009 Scot.
857 1987 939 2021 pag.
959 1984 1139 2009 cccxmi.
1192 1975 1342 2019 Scripsit
1360 1986 1444 2009 vero

543 2032 722 2078 Synopsin
741 2032 884 2067 Decreti
902 2033 1114 2079 Gregoriani
1140 2031 1343 2079 [Gratiani]
1384 2033 1444 2067 lib.
1466 2042 1491 2066 1.

447 2091 614 2125 Florebat
628 2102 721 2125 anno
736 2099 931 2125 MCCCCXI.
973 2090 1081 2125 Hunc
1094 2091 1245 2125 eundem
1260 2091 1378 2125 nescio
1388 2101 1434 2125 an
1448 2089 1484 2124 S.
1500 2090 1665 2125 Andreae
1677 2091 1791 2125 archi-

398 2148 582 2183 diaconum
601 2148 717 2183 virtus
735 2154 770 2183 et
788 2149 941 2183 eruditio
958 2148 1172 2194 provexerit.

644 2246 901 2282 GEORGIUS
926 2246 1316 2282 SOPHOCARDIUS
1343 2246 1392 2282 H.
1447 2248 1551 2281 1082.

400 2320 611 2353 GEORGIUS
653 2320 924 2365 Sophocardius,
969 2320 1120 2355 Lutheri
1164 2322 1315 2361 catulus.
1357 2332 1403 2355 ex
1445 2319 1637 2355 Germania
1675 2322 1790 2365 impu—

401 2387 476 2410 ram
524 2382 559 2411 et
606 2378 828 2422 pestilentem
876 2378 1052 2413 haeresim
1106 2379 1144 2412 in
1195 2377 1352 2413 scotiam
1403 2378 1498 2417 tulit,
1548 2379 1686 2422 primus
1730 2389 1791 2412 sa-
