2060 2848
676 316 851 350 GEN'rls
875 316 1152 355 SCOTORUM,
1174 317 1264 349 Lm.
1284 317 1360 349 xv.
1606 308 1612 312 ’
1653 318 1717 350 519

333 413 452 452 sciam,
470 411 707 450 tradiderunt,
724 421 788 444 nec
805 409 889 443 alibi
907 410 1034 454 reperi,
1059 415 1095 444 et
1120 420 1184 444 nec
1200 410 1314 443 ullum
1332 410 1626 455 martyrologium
1644 420 1715 444 me·

332 470 461 509 miuit3
478 468 542 502 sed
558 478 631 502 non
647 468 686 501 in
702 478 745 502 eo
761 467 836 501 solo
853 466 971 511 gentis
988 471 1130 501 nostrae
1147 466 1280 512 gloriae
1297 466 1413 510 iniqui
1429 470 1516 500 sunt
1539 471 1576 500 et
1591 466 1715 511 injurii

332 525 669 570 martyrologiorum
680 523 938 567 compilatores.
951 549 954 553 .
966 522 1054 557 Fuit
1064 528 1185 557 autem
1198 522 1352 556 Graecae
1363 527 1399 557 et
1412 522 1563 557 Latinae
1575 523 1716 568 linguae

332 581 580 625 peritissimus,
597 591 662 615 nec
679 580 836 614 Scoticae
853 580 1012 625 ignarus.
1064 579 1214 624 Scripsit

479 637 614 672 Contra
645 637 856 683 Pelagianos
885 636 946 671 lib.
982 646 1008 671 1.
1039 637 1101 682 qui
1131 637 1244 681 ipsius
1274 647 1360 670 cura
1389 635 1508 670 Scotia
1535 636 1716 681 prohibiti,

529 699 565 728 et
591 694 728 728 Romae
757 694 928 728 damnati.
979 693 1095 728 Extat
1125 693 1225 728 Petri
1256 693 1431 729 Tausiani
1461 693 1619 728 Bastidei
1647 696 1718 739 epi-

527 762 691 797 gramma
706 751 843 785 cultum
858 760 867 783 ε

634 823 714 851 Dum
728 822 804 861 perit
817 821 968 851 haereticis
982 822 1076 851 vicina
1090 820 1240 851 Britannia
1254 821 1386 854 flammis,

673 869 770 898 Scotia
784 868 912 897 Palladio
925 874 983 898 stat
996 869 1068 898 bene
1082 874 1147 898 tuta
1160 879 1220 897 suo.

635 916 796 944 Palladium
812 915 915 953 Trojae
928 916 1070 954 quondam
1084 915 1108 944 si
1122 915 1180 944 tale
1194 915 1306 949 fuisset,

671 962 798 1000 Argolici
813 972 960 1001 nunquam
974 962 1074 992 fraude
1087 962 1208 1001 perisset
1222 962 1298 1000 equi.

481 1035 604 1070 Vitam
630 1035 667 1069 S.
684 1035 836 1070 Joannis
860 1035 1118 1081 Chrysostomi,
1144 1035 1205 1069 lib.
1226 1044 1251 1069 1.
1278 1035 1384 1069 aliam
1410 1035 1454 1069 ab
1479 1047 1518 1069 ea
1543 1046 1650 1080 quam
1676 1047 1718 1070 ex

528 1092 686 1126 Simione
704 1092 949 1136 Metaphraste
972 1092 1080 1126 habet
1102 1092 1231 1126 Surius
1256 1096 1342 1126 tom.
1363 1101 1388 1125 1.
1416 1097 1451 1126 et
1476 1092 1521 1126 ab
1548 1104 1589 1126 ea
1612 1104 1718 1137 quam

530 1148 646 1182 fertur
666 1148 847 1192 scripsisse
865 1148 1011 1183 Cosmas
1028 1148 1241 1188 Vestiarius‚
1255 1159 1346 1192 quae
1358 1148 1434 1182 MS.
1450 1149 1488 1182 in
1501 1149 1720 1184 Bibliotheca

529 1204 707 1240 Vaticana
736 1209 951 1245 asservatur,
978 1210 1021 1239 ut
1041 1205 1096 1239 'ad
1122 1214 1259 1240 xxvn.
1285 1204 1450 1239 Januarii
1481 1205 1717 1252 Martyrolog.

528 1266 682 1297 testatur
698 1262 850 1297 illustris
867 1262 1057 1297 Batonius.

481 1319 659 1354 Homilias
676 1320 796 1364 plures
1218 1320 1280 1354 lib.
1301 1328 1326 1354 1.

480 1376 662 1421 Epistulas
680 1377 726 1411 ad
742 1376 983 1411 Coelestinum
1219 1377 1281 1411 lib.
1301 1386 1327 1411 1.

383 1434 518 1468 Missus
536 1438 590 1468 est
607 1433 645 1467 in
663 1433 829 1473 Scotiam,
844 1433 1039 1478 imperante
1053 1433 1255 1469 Theodosio
1268 1434 1424 1480 juniore,
1438 1444 1531 1469 anno
1544 1443 1718 1470 cnxxut.

335 1492 392 1525 vel
409 1501 502 1525 anno
520 1499 697 1524 CDXXXI.
715 1491 773 1524 vel
789 1501 883 1525 anno
901 1499 1095 1525 cnxxxn.
1121 1501 1212 1536 quae
1234 1492 1407 1536 receptior
1424 1497 1477 1526 est
1493 1492 1721 1526 conformior-

338 1559 407 1592 que
424 1547 593 1582 veritati:
620 1548 761 1592 quando
779 1548 867 1582 inibi
885 1547 997 1582 officio
1020 1547 1175 1588 functus,
1200 1548 1386 1583 incertum.
1438 1546 1531 1582 Vide
1548 1550 1651 1593 plura
1668 1549 1721 1582 in-

336 1605 392 1639 fra
408 1605 447 1639 in
465 1602 505 1639 S.
519 1602 684 1639 Patricio
697 1609 732 1639 et
745 1605 784 1639 in
797 1603 971 1639 Servano.
1009 1603 1115 1639 Alius
1129 1609 1182 1639 est
1195 1605 1232 1639 S.
1246 1605 1426 1640 Palladius
1440 1606 1601 1650 uterque,
1616 1605 1719 1640 Bitu-

336 1662 454 1708 rigum
481 1661 641 1703 anfistes,
666 1666 708 1697 ut
730 1666 767 1697 et
791 1661 974 1697 Palladius
995 1661 1206 1697 Xantonum
1224 1664 1375 1708 praesul.
1428 1663 1567 1697 Colitur
1586 1671 1717 1696 xxvii.

334 1718 358 1751 J
360 1719 509 1753 anuarii.

787 1832 831 1868 S.
853 1833 1139 1868 PATERNUS.
1191 1837 1273 1872 999.

338 1948 374 1980 S.
407 1946 629 1980 PATERNUS
664 1945 801 1987 Scotus,
835 1948 999 1991 pertinax
1031 1947 1187 1993 religiosi
1219 1949 1292 1982 voti
1326 1959 1366 1982 ac
1400 1949 1510 1982 sancti
1542 1949 1714 1992 propositi

337 2008 467 2042 custos,
498 2003 626 2037 colitur
655 2003 712 2037 die
743 2012 783 2037 x.
809 2003 957 2048 Aprilis.
985 2003 1134 2038 Arnold.
1162 2003 1282 2038 Uvio'n
1308 2005 1367 2039 lib.
1396 2014 1455 2039 111.
1481 2016 1562 2051 pag.
1588 2013 1716 2039 cxxx.

338 2060 441 2093 Joan.
470 2059 616 2094 Leslaeo
642 2060 703 2094 lib.
728 2069 764 2094 V.
791 2060 829 2094 in
851 2060 920 2094 fine
936 2060 1162 2105 astipulante.
1211 2061 1417 2107 Sigebertus
1435 2061 1712 2096 Gemblacensis:

340 2122 360 2135 ‘⁴
381 2116 633 2156 Paderbruma‚
651 2116 861 2151 Germaniae
879 2118 1015 2157 civitas,
1033 2121 1086 2151 est
1105 2128 1186 2151 cum
1205 2118 1331 2162 majori
1355 2118 1498 2152 ecclesia
1523 2118 1715 2152 combusta.

339 2174 382 2208 In
400 2173 614 2207 monasterio
640 2177 761 2208 autem
781 2174 1033 2208 monachorum
1054 2173 1180 2208 Scotus
1198 2175 1354 2219 quidam,
1372 2176 1514 2209 nomine
1532 2175 1717 2214 Paternus,

339 2230 532 2265 monachus
550 2231 676 2265 ⁴multo
702 2235 859 2275 tempore
883 2232 1052 2270 reclusus,
1077 2231 1140 2275 qui
1166 2232 1274 2265 etiam
1298 2231 1366 2266 hoc
1390 2232 1591 2266 incendium
1616 2243 1718 2277 saepe

339 2288 573 2332 praedixerat,
592 2292 737 2331 propter
754 2288 974 2331 propositum
992 2287 1197 2321 reclusionis
1219 2288 1315 2322 exire
1337 2289 1471 2328 nolens,
1497 2299 1535 2323 se
1560 2288 1717 2323 comburi

338 2355 464 2388 passus
475 2344 560 2378 est.”
597 2344 655 2378 011
670 2355 802 2383 rarum,
820 2348 866 2384 et,
879 2344 973 2388 quod
987 2344 1107 2384 sciam,
1117 2345 1260 2379 unicum
1275 2345 1431 2380 ardentis
1444 2345 1589 2381 affectus
1603 2356 1718 2381 exem-

340 2402 448 2445 plum,
473 2412 536 2435 nec
554 2406 677 2436 nostro
694 2402 812 2436 seculo
829 2401 999 2436 imitabile
1014 2402 1021 2434 !
1061 2406 1082 2421 ‘⁴
1100 2401 1159 2436 Ad
1177 2403 1400 2447 sepulchrum
1419 2404 1530 2437 multa
1549 2403 1637 2437 fiunt
1655 2404 1717 2436 mi·
