2060 2848
674 315 849 348 GENTIS
874 315 1150 354 SCOTORUM,
1175 315 1265 347 LIB.
1291 316 1336 347 X.
1643 316 1707 346 413

315 413 383 447 lico
417 410 614 455 Maphaeus
657 409 844 450 Venierus,
886 410 1170 455 archiepiscopus
1206 410 1446 454 Corcyrensis,
1489 410 1704 455 martyrium

316 469 411 503 istud
441 468 608 502 describit
637 468 733 512 apud
761 467 786 501 J
787 479 938 502 oannem
964 468 1119 502 Felicem
1148 466 1332 502 Astolfum
1360 466 1466 501 Novo
1492 466 1704 501 Sanctorum

316 525 539 572 Legendario
568 536 650 571 pag.
683 534 808 560 cxxv.
835 525 897 560 ubi
925 530 1045 559 tamen
1073 523 1275 571 Collingam
1304 535 1369 569 pro
1399 521 1612 570 Coldingam
1642 531 1705 563 est,

316 583 386 617 levi
403 593 532 616 errore.

366 640 497 674 Passae
520 645 605 674 sunt
629 652 722 685 anno
740 649 915 675 Dcchx.
942 641 1003 685 qui
1027 651 1197 674 numerus
1220 641 1259 674 in
1282 640 1444 674 Arnoldo
1468 640 1609 675 Uvione
1633 651 1706 674 cor-

317 702 455 742 ruptus,
473 697 535 741 qui
553 696 660 732 habet
677 708 811 732 annum
831 706 989 732 Dcxxx.
1041 697 1219 733 Coluntur
1235 699 1292 733 die
1310 706 1416 732 xxn.
1435 697 1606 744 Augusti.

779 811 1109 847 KENNETHUS.
1164 812 1245 850 761.

320 927 584 962 KENNETHUS
595 938 669 968 rex,
680 927 806 972 Alpini
824 928 918 974 regis
932 928 1036 969 filius,
1051 939 1202 974 regnum
1219 928 1421 974 [adeptus]‚
1436 929 1618 964 Pictortun
1632 934 1708 964 tota

318 990 424 1031 gente
449 985 574 1025 deleta,
601 990 636 1019 et
661 986 706 1019 ad
731 986 1006 1019 internecionem
1031 985 1104 1019 acie
1130 986 1176 1020 ad
1201 985 1425 1032 SfirIingum,
1454 987 1634 1022 obsidione
1663 988 1708 1021 ad

319 1041 610 1083 Camelodunum‚
645 1042 831 1082 exstincta,
863 1050 1023 1077 MeLxx.
1053 1043 1156 1077 annis
1187 1054 1231 1077 ex
1260 1054 1332 1087 quo
1364 1044 1402 1077 in
1436 1043 1600 1078 Albionis
1629 1055 1706 1078 eam

318 1103 455 1142 partem
473 1099 710 1140 descenderat,
734 1099 963 1134 Britanniam
986 1100 1094 1134 etiam
1117 1101 1323 1134 ulteriorem
1347 1100 1414 1134 sibi
1438 1101 1591 1135 vicinam
1617 1101 1708 1135 bello

317 1156 432 1199 petiit,
468 1156 704 1201 victoriaeque
738 1157 938 1201 praemium
972 1156 1272 1191 Northumbriam
1310 1168 1375 1192 suo
1417 1169 1527 1204 regno
1566 1159 1706 1205 adjecit.

319 1212 532 1247 Cathedram
551 1214 809 1259 inaugurandis
827 1214 971 1261 regibus
994 1213 1139 1248 fatalem
1165 1213 1316 1249 Sconam
1341 1216 1482 1250 detulit.
1534 1215 1708 1250 Ediderat

323 1270 380 1303 ille

466 1327 692 1362 Breviarium
718 1329 947 1373 antiquarum
973 1328 1113 1375 Legum
1175 1330 1236 1364 lib.
1257 1339 1282 1364 1.
1335 1330 1485 1365 Inutiles
1502 1332 1597 1365 enim
1615 1332 1708 1378 leges

515 1395 685 1426 resecans,
713 1386 818 1420 utiles
836 1386 874 1420 in
891 1386 1069 1430 epitomen
1091 1386 1253 1433 redegit:
1279 1386 1323 1421 iis
1346 1388 1385 1422 in
1408 1387 1485 1422 foro
1502 1387 1615 1435 Angli
1633 1394 1708 1423 ute-

520 1443 661 1477 bantur.
713 1443 850 1479 Anton.
868 1443 1052 1478 Possevin.
1069 1442 1206 1488 Appar.
1224 1455 1306 1491 pag.
1326 1453 1473 1479 cccxx.

468 1499 591 1534 Novas
608 1500 723 1547 Leges
741 1501 870 1547 adjecit
1167 1501 1228 1535 lib.
1249 1512 1274 1536 1.

371 1556 472 1591 Obiit
489 1568 582 1591 anno
599 1558 701 1604 regni
719 1559 775 1592 sui
793 1567 864 1592 XX.
883 1558 1027 1593 sedebat
1044 1559 1082 1592 in
1100 1558 1200 1593 Petri
1225 1559 1392 1594 cathedra
1414 1560 1488 1594 Leo
1512 1560 1576 1595 IV.
1600 1562 1710 1605 impe-

322 1614 422 1648 rabat
446 1613 650 1649 Ludovicus
673 1614 722 1649 ΙΙ.
749 1615 970 1650 Francorum
995 1626 1070 1656 rex,
1098 1626 1192 1650 anno
1217 1617 1323 1651 salut.
1352 1626 1523 1652 DCCCLV.
1550 1617 1710 1653 Annales

322 1675 507 1706 nostrates.

763 1786 1127 1824 KINNATILLUS.
1182 1789 1264 1827 762.

325 1901 620 1936 KINNATILLUS
637 1913 712 1943 rex,
730 1901 889 1949 Eugenii
907 1902 977 1937 ΙΙΙ.
1004 1908 1039 1938 et
1062 1904 1226 1939 Conualli
1251 1917 1376 1951 regum
1399 1906 1520 1946 frater,
1545 1907 1708 1953 Congalli

323 1959 417 2004 regis
448 1959 491 1993 F.
522 1959 705 1994 Aidanum
732 1964 896 2004 nepotem
926 1962 1135 2006 participem
1169 1963 1271 2008 regni
1307 1964 1443 2003 ascivit,
1482 1969 1519 1998 et
1554 1964 1592 1998 in
1627 1965 1709 1999 sinu

325 2015 359 2048 S.
379 2015 571 2051 Columbae
589 2017 793 2061 exspiravit,
822 2017 921 2051 brevi
947 2018 1149 2063 principatu
1174 2020 1354 2065 egregiam
1380 2021 1520 2055 laudem
1547 2022 1707 2066 adeptus.

325 2072 476 2117 Scripsit

470 2130 524 2164 De
551 2131 739 2177 Regimine
766 2132 973 2176 Principum
1000 2132 1060 2167 lib.
1080 2142 1105 2166 1.
1132 2133 1177 2167 ad
1194 2133 1240 2167 D.
1260 2134 1480 2169 Columbam.
1541 2135 1707 2170 Meminit

519 2187 676 2222 Joannes
694 2188 895 2223 Fordunus.

372 2244 473 2278 Obiit
499 2255 591 2279 anno
611 2254 653 2279 11.
680 2247 780 2292 regni
805 2247 872 2286 sui,
896 2247 1021 2282 salutis
1048 2259 1131 2283 vero
1159 2257 1393 2284 DcchXXx.
1445 2249 1603 2285 Annales
1626 2262 1706 2285 nos-

324 2306 442 2336 trates.

998 2372 1022 2396 l.
