2060 2848
395 292 459 326 638
776 296 1010 329 HISTORIA
1035 296 1408 332 ECCLESIASTICA

399 390 510 425 nicor.
537 389 671 437 Colleg.
699 401 775 436 cap.
804 400 892 426 xvr.
930 391 968 425 in
994 403 1215 438 paganorum
1240 393 1507 427 conversionem
1538 396 1720 428 strenuam
1746 394 1795 428 ibi

398 459 542 493 operam
570 449 729 482 navavit.
788 448 1051 495 Martyrologia
1081 449 1321 485 Ecclesiarum
1348 450 1576 497 Belgicarum
1607 452 1657 485 sic
1683 452 1726 486 de
1753 463 1795 486 eo

398 506 555 540 habent:
593 511 614 526 ‘⁶
641 506 713 546 Qui
745 507 788 541 de
824 506 945 541 Scotia
978 508 1096 541 insula
1125 508 1264 542 marina
1290 508 1436 542 veniens
1467 508 1506 542 in
1537 509 1670 543 saltum
1701 509 1795 543 The-

399 564 568 605 raschiae,
597 565 635 598 in
660 566 737 599 loco
762 565 825 610 qui
851 576 947 599 nunc
975 570 1124 599 vocatur
1149 565 1257 605 Cella,
1286 566 1410 600 multis
1434 566 1558 600 diebus
1580 567 1795 601 laudabilem

399 624 510 658 vitam
530 624 657 665 duxit3
684 629 807 669 postea
830 636 915 658 vero
942 625 1052 658 ductu
1077 623 1236 668 angelico
1259 623 1303 656 ad
1325 624 1581 658 monasterium
1607 623 1674 658 Dei
1693 625 1793 670 geni-

397 682 496 715 tricis
515 681 653 716 Mariae
672 681 874 716 Condatum
892 681 1115 726 perveniens,
1134 679 1184 713 ibi
1201 690 1315 724 usque
1333 680 1378 713 ad
1391 679 1529 714 obitum
1547 680 1704 716 Domino
1722 693 1794 715 ser-

396 739 521 772 vivit.”
577 738 881 784 Chronographus
912 737 1177 772 Cameracensis
1208 747 1408 781 anonymus
1439 737 1484 770 ad
1515 736 1716 773 Gerardum
1743 738 1793 772 ΙΙ.

396 800 417 816 “
443 795 554 840 Apud
584 795 706 829 villam
738 795 941 830 Condatum
977 794 1157 839 quondam
1192 793 1323 839 regalis
1352 795 1428 828 erat
1456 799 1491 828 et
1520 794 1620 829 dives
1651 795 1793 830 abbatia

394 855 593 898 puellarum
630 853 668 886 in
708 853 880 887 honorem
920 853 955 887 S.
989 852 1041 886 M.
1072 850 1247 897 VirginiS,
1275 851 1402 885 deinde
1436 862 1521 896 prae
1552 852 1673 897 inopia
1706 864 1793 898 pau-

393 921 515 945 corum
555 910 677 944 extitit
719 910 978 944 monasterium
1029 909 1291 949 canonicorum,
1330 909 1392 944 ubi
1431 909 1583 945 Sanctus
1622 910 1794 945 Wasnul·

391 968 495 1013 phus,
523 972 728 1002 transcurso
756 967 865 1013 hujus
896 968 992 1001 vitae
1019 966 1169 1000 feliciter
1195 966 1323 1007 stadio,
1349 967 1388 1000 in
1414 978 1499 1012 pace
1524 968 1675 1013 quievit,
1701 970 1793 1003 mul-

394 1026 440 1060 tis
472 1025 574 1059 annis
606 1014 721 1059 clarus
752 1026 946 1059 miraculis.
1009 1024 1135 1058 Scotus
1165 1024 1223 1058 hic
1254 1028 1330 1058 erat
1359 1025 1536 1059 natione.’'
1592 1025 1691 1060 Haec
1721 1027 1791 1061 ille.

392 1083 618 1117 Praebendas
651 1083 902 1117 canonicorum
940 1082 1109 1117 tredecim
1145 1082 1282 1125 primus
1318 1082 1357 1115 in
1393 1081 1430 1116 S.
1462 1082 1680 1128 Wasnulphi
1719 1095 1791 1118 me·-

385 1133 543 1175 'moriam
587 1141 750 1175 instituit
791 1139 976 1174 Arnoldus
1026 1138 1241 1173 Harmoniae
1293 1149 1420 1179 comes,
1467 1141 1531 1184 qui
1578 1145 1613 1175 et
1662 1141 1791 1176 Hiber-

393 1203 470 1232 tum
514 1198 805 1232 Cameracensem
854 1198 1053 1231 antistitem
1105 1196 1141 1229 vi
1184 1196 1328 1240 pulsum
1371 1196 1446 1230 sedi
1489 1207 1573 1230 suae
1619 1198 1789 1233 restituit.

393 1255 542 1299 Scripsit
1011 1263 1013 1265 ’

541 1312 676 1346 Contra
693 1322 850 1357 paganos
870 1311 978 1345 Ritus
996 1311 1057 1345 lib.
1079 1320 1103 1344 1.
1156 1310 1335 1345 Chronica
1353 1311 1568 1346 Harmoniae
1586 1312 1692 1347 MSS.

537 1369 720 1413 Epistolas
739 1369 781 1402 ad
801 1368 837 1402 S.
859 1367 1087 1403 Vincentium
1108 1368 1322 1403 Harmoniae
1340 1368 1516 1403 Comitem
1535 1370 1596 1405 lib.
1617 1380 1642 1404 1.

441 1426 633 1473 Evangelii
660 1427 774 1460 lucem
801 1426 880 1460 rudi
909 1426 961 1459 illi
987 1427 1118 1471 populo
1140 1425 1362 1461 diffundebat
1385 1438 1480 1462 anno
1505 1436 1614 1462 Dcm.
1637 1428 1673 1462 S.
1698 1428 1788 1463 Vin-

392 1485 497 1519 centii
516 1485 610 1518 enim
630 1483 793 1518 Historia
811 1484 907 1517 hunc
926 1484 971 1518 ad
988 1484 1091 1517 illum
1109 1494 1212 1528 saepe
1237 1483 1399 1519 Condato
1424 1485 1463 1518 in
1489 1490 1648 1520 montem
1674 1487 1784 1520 altum

392 1543 546 1587 migrare
581 1542 725 1575 solitum
761 1546 938 1575 testatur:
970 1541 1083 1586 igitur
1112 1552 1194 1575 cum
1222 1541 1270 1575 sit
1299 1542 1351 1575 illi
1380 1542 1533 1586 principi
1565 1547 1785 1583 coaetaneus,

391 1611 462 1634 non
481 1603 534 1633 est
557 1599 707 1632 dubium
731 1599 819 1643 quin
846 1610 887 1632 eo
911 1610 1017 1643 quem
1043 1599 1119 1632 dixi
1145 1608 1238 1633 anno
1264 1597 1436 1633 floruerit.
1460 1598 1693 1634 Donevaldus
1720 1599 1786 1634 IV.

391 1657 529 1691 Scotiae
547 1668 621 1696 rex,
640 1668 680 1690 ea
703 1656 783 1700 ipsa
800 1661 1014 1700 tempestate
1032 1667 1134 1700 opem
1160 1655 1256 1689 Divo
1283 1655 1441 1690 Osualdo
1466 1656 1544 1702 regi
1570 1657 1785 1700 praestabat.

391 1714 497 1754 Hinc,
528 1714 594 1748 etsi
626 1713 878 1759 Martyrologii
911 1713 1066 1747 Romani
1101 1712 1242 1747 tabulae
1271 1712 1411 1753 sileant,
1442 1714 1669 1747 celeberrima
1704 1715 1786 1748 reli-

389 1773 493 1818 gione
511 1772 632 1805 colunt
649 1771 792 1816 Belgae.
846 1770 1022 1805 Memoria
1047 1770 1199 1804 habetur
1223 1779 1248 1803 1.
1274 1769 1451 1810 Octobris,
1479 1770 1625 1805 Molano
1650 1771 1689 1805 in
1712 1771 1786 1806 Ad-

390 1829 584 1863 ditionibus
603 1828 761 1863 Usuardi
778 1832 933 1862 auctore.

733 1944 768 1977 S.
796 1942 1092 1977 WINFRIDUS
1118 1941 1165 1976 A.
1193 1942 1270 1976 ΑΡ.
1326 1946 1431 1981 1157.

389 2062 423 2095 S.
450 2060 711 2099 VVINFRIDUs,
738 2070 800 2093 seu
826 2058 1045 2098 Bonifacius,
1070 2059 1250 2102 apostolus
1274 2058 1496 2099 Germaniae,
1515 2070 1624 2104 supra
1648 2060 1708 2094 lib.
1737 2068 1780 2093 11.

387 2119 454 2153 hoc
483 2129 598 2162 opere,
628 2116 784 2151 Joannes
815 2116 983 2150 Leslaeus
1022 2116 1081 2150 lib.
1116 2125 1170 2150 IV.
1189 2115 1192 2118 ⁴
1212 2115 1352 2150 Histor.
1384 2115 1477 2150 Scot.
1511 2127 1592 2163 pag.
1625 2125 1781 2150 CXLVII.

389 2176 477 2210 falso
519 2175 650 2208 dicitur
692 2174 917 2218 imperatoris
960 2177 1132 2219 cognatus
1170 2185 1191 2207 a
1232 2173 1353 2208 Leone
1395 2173 1597 2209 Marsicano
1635 2175 1695 2209 lib.
1737 2183 1780 2208 11.

388 2233 526 2267 Histor.
558 2232 717 2266 Casinat.
748 2243 823 2276 cap.
857 2239 946 2265 L111.
994 2230 1106 2265 Suum
1137 2232 1250 2266 civem
1278 2231 1391 2278 Angli
1421 2231 1567 2272 faciunt,
1607 2243 1672 2279 ego
1700 2232 1782 2267 Sco-

388 2296 465 2323 tum
485 2290 575 2323 etin
600 2289 737 2335 Anglia
761 2293 902 2323 tantum
928 2289 1116 2323 educatum
1142 2289 1271 2323 docebo
1296 2289 1417 2324 fuisse.
1474 2289 1627 2324 Marian.
1655 2290 1781 2324 Scotus

388 2348 446 2381 lib.
468 2355 529 2380 111.
548 2346 682 2381 Chron.
701 2358 794 2381 anno
812 2355 1111 2382 Decccxxxvn.
1134 2351 1155 2367 “
1169 2347 1389 2382 Monasteria
1407 2346 1468 2381 SS.
1488 2346 1674 2383 Scotorum
1692 2346 1780 2381 San-
