2118 2854
343 324 406 354 344
734 320 966 354 HISTORIA
990 318 1362 352 ECCLESIASTICA

348 418 404 451 vir
422 416 747 452 exercitatissimus.
784 415 828 449 In
846 426 973 450 manus
991 425 1087 449 meas
1105 414 1204 448 venit
1219 425 1237 448 e
1251 413 1347 458 typis
1361 411 1510 447 Venetis
1524 410 1547 445 J
1550 416 1742 445 unctarum

350 475 570 520 opusculum,

494 531 549 566 De
568 531 694 565 Causis
715 530 883 564 Haeresis
903 530 997 575 apud
1017 529 1140 563 Scotos
1352 527 1412 562 lib.
1434 536 1493 561 111.

398 590 560 624 Exilium
576 599 702 633 passus
721 599 814 622 anno
834 596 898 621 MD
906 596 939 621 L.

728 701 961 737 JOANNES
988 700 1219 735 HURREY.
1274 697 1358 734 650.

347 820 369 852 J
373 826 537 854 oANNEs
557 817 703 863 Hurrey
720 816 998 856 Aberdonensis‚
1017 819 1122 859 poeta
1139 814 1258 858 patria
1275 815 1401 859 lingua
1419 815 1561 860 elegans
1579 819 1614 848 et
1633 814 1743 848 diser-

348 882 416 916 tus,
435 881 559 910 auctor
575 875 707 909 heroici
725 874 821 908 illius
839 873 1024 917 poematis,
1043 871 1139 916 quod
1157 871 1250 904 tanti
1268 871 1418 910 faciunt,

491 932 546 966 De
564 932 727 966 Penardo
745 935 780 964 et
797 930 924 964 Laissa
1334 927 1395 962 lib.
1417 937 1443 961 1.

393 990 496 1025 Vivit
514 989 639 1030 adhue,
658 993 693 1023 et
712 999 794 1023 suos
813 987 932 1022 studio
949 987 1127 1021 honestat.

732 1101 1026 1137 GILBERTUS
1053 1101 1165 1135 HUN
1168 1101 1213 1135 T.
1267 1099 1351 1135 651.

346 1221 583 1255 GILBERTUS
602 1220 706 1254 Hunt
725 1219 771 1253 D.
791 1218 967 1252 Bernardi
990 1217 1156 1251 habitum
1175 1216 1295 1251 induit
1314 1215 1493 1258 Lutetiae,
1521 1221 1556 1251 et
1582 1227 1663 1251 rara
1690 1218 1743 1251 in-

345 1279 441 1324 genii
458 1278 554 1312 fama
572 1277 710 1312 claruit.
764 1276 915 1320 Scripsit

494 1336 665 1370 Lecturas
683 1334 918 1379 Theologicas
1331 1332 1395 1366 lib.
1416 1340 1440 1365 Ι.

493 1393 754 1437 Replicationes
773 1390 1006 1425 scholasticas
1338 1389 1398 1423 lib.
1419 1398 1444 1423 1.

396 1450 576 1485 Scribebat
594 1461 688 1484 anno
707 1456 942 1483 MCCCXLIII.

714 1561 971 1597 NICOLAUS
997 1561 1226 1595 HEBRON.
1280 1560 1362 1596 652.

348 1681 561 1715 NICOLAUS
581 1679 741 1717 Hebron,
766 1689 829 1712 seu
848 1677 1080 1722 Hepburnus,
1108 1688 1171 1711 seu
1189 1676 1375 1718 Hexbron,
1404 1677 1471 1712 sub
1489 1677 1535 1711 D.
1561 1677 1740 1714 Francisci

347 1740 470 1785 regula
503 1738 619 1772 sobrie
650 1741 685 1770 et
716 1736 773 1781 pie
804 1736 866 1769 diu
894 1735 997 1775 vixit,
1024 1739 1165 1769 sanctae
1194 1735 1473 1770 conversationis
1504 1739 1539 1770 et
1570 1736 1740 1771 eruditae.

346 1796 495 1841 Scripsit

495 1852 751 1887 Enarrationes
770 1850 1051 1896 Evangeliorum
1071 1849 1445 1896 Quadragesimalium
1524 1850 1584 1885 lib.
1606 1859 1631 1884 1.
1650 1862 1741 1896 quae

545 1909 756 1943 Germanica
773 1909 898 1954 lingua
915 1908 1125 1952 prodierunt
1143 1907 1323 1941 Coloniae.

494 1967 769 2001 Enarrationem
784 1965 1069 1999 lamentatoriam
1084 1965 1122 1998 in
1141 1964 1325 1999 Psalmum
1345 1973 1527 1999 LXXVIII.
1558 1965 1738 2001 Francisc.

544 2023 714 2070 Gonzaga
740 2028 832 2067 part.
853 2032 877 2056 1.
905 2023 948 2056 de
974 2022 1075 2068 Orig.
1103 2022 1222 2068 Relig.
1250 2022 1397 2068 Seraph.
1426 2034 1507 2069 pag.
1528 2031 1739 2058 LXXXVIII.

545 2081 723 2115 Henricus
735 2080 849 2116 Villot
860 2080 973 2126 Belga
983 2078 1159 2114 Athenar.
1175 2080 1416 2115 Orthodoxar.
1428 2091 1510 2127 pag.
1525 2089 1739 2115 CCLXXVII.
1759 2108 1761 2111 .

545 2151 626 2173 eum
664 2144 684 2159 “
711 2138 949 2185 guardianum
985 2142 1181 2172 conventus
1216 2137 1403 2173 Brulensis
1436 2138 1640 2183 provinciae
1673 2138 1740 2172 Co-

542 2198 669 2236 loniae,
694 2201 728 2231 et
755 2197 956 2243 generalem
982 2195 1266 2230 commissarium
1291 2195 1598 2234 Cismontanum,”
1625 2201 1739 2235 vocat,

543 2255 644 2298 eique
662 2265 768 2299 opera
785 2254 855 2288 alia
871 2253 1003 2288 ibidem
1019 2253 1087 2287 loci
1105 2253 1274 2299 assignat.

494 2311 681 2345 Paradoxa
698 2311 930 2356 Theologalia
1330 2311 1392 2346 lib.
1412 2320 1436 2345 Ι.

495 2369 689 2404 Conciones
707 2369 745 2402 in
762 2367 961 2414 Evangelia
979 2367 1309 2415 Quadragesimalia
1473 2368 1533 2403 lib.
1557 2377 1582 2402 Ι.
1602 2368 1698 2402 aliud
1716 2380 1736 2402 a

542 2426 762 2471 praecedenti
780 2436 878 2469 opus.
