2060 2848
640 312 814 347 GENTIS
837 311 1113 351 SCOTORUM,
1135 312 1226 345 LIB.
1247 313 1343 346 xvl.
1625 313 1686 345 571

647 404 788 443 Tempore
800 408 901 437 meta,
914 404 994 442 gravi
1007 403 1087 442 rupit
1099 403 1200 433 acerba
1211 412 1314 432 mann:

610 451 737 480 Plurima
750 459 873 488 nmque
885 450 931 479 tui
944 455 1080 489 superant
1092 450 1268 479 monimenta
1279 449 1392 483 laboris,

645 497 730 533 Quae
742 497 797 526 tibi
810 501 983 536 perpetuum
996 496 1055 525 sint
1067 497 1196 535 paritura
1208 496 1303 525 decus.

356 580 495 616 claruit
511 590 604 615 anno
622 587 752 614 next..
803 577 914 613 Errat
930 576 1189 618 GenebrarduS,
1207 577 1271 622 qui
1287 578 1364 612 loco
1380 578 1523 614 laudato
1548 580 1687 625 reponit

307 650 388 674 eum
413 638 454 672 in
480 647 613 672 annum
642 644 823 671 nemun.
851 646 893 670 ac
921 635 1066 682 gravior
1094 635 1214 679 lapsus
1239 634 1278 669 in
1303 634 1419 669 codice
1444 634 1601 677 Gesneri,
1625 638 1688 682 qui

308 707 391 731 eum
416 696 509 730 locat
538 695 576 729 in
605 705 698 729 anno
729 701 883 728 Mcch.
909 692 965 727 uti
990 696 1026 727 et
1050 690 1075 725 J
1077 692 1168 727 osias
1193 691 1375 733 Simlerus,
1401 693 1478 739 ejus
1501 694 1687 738 epitomas·

308 758 373 793 tes,
403 752 441 787 in
472 751 638 797 Epitome
672 750 924 790 Bibliothecae,
957 748 1145 784 manifesto
1178 760 1296 784 errore
1328 753 1470 784 centum
1503 761 1687 791 annorum,

308 810 370 854 qui
409 809 453 843 ab
490 808 606 853 operis
640 807 784 842 indubie
821 806 1011 851 profectus.
1072 804 1226 840 Beatum
1262 806 1348 841 facit
1384 806 1610 853 Augustinus
1648 809 1691 842 de

309 865 422 900 Novis
452 865 612 899 Ticinen.
643 864 681 898 in
711 864 889 898 Procursu
924 862 1092 897 Canonic.
1123 862 1252 909 Regul.
1287 874 1369 910 pag.
1400 873 1518 899 XLIX.
1555 869 1591 900 et
1628 864 1690 900 Jo-

309 933 417 957 annes
458 922 647 967 Philippus
689 920 933 961 Novariensis,
985 918 1149 953 Chronic-
1200 919 1335 955 Canon.
1388 920 1555 968 Regular.
1606 932 1687 968 pag.

311 987 475 1014 xxxvn.

752 1089 1026 1125 ROBERTUS
1050 1089 1096 1124 Ε.
1148 1091 1255 1128 1079.

310 1207 539 1245 Romanum,
571 1205 607 1239 S.
638 1203 805 1238 Andreae
838 1204 877 1238 in
918 1203 1037 1239 Scotia
1069 1204 1265 1249 episcopus,
1294 1203 1413 1239 David
1442 1206 1518 1252 regi
1547 1208 1691 1242 sanctis-

312 1265 401 1298 simo
419 1267 543 1309 gratus
568 1266 605 1296 et
628 1260 876 1306 perfamiliaris
901 1259 983 1301 fuit,
1006 1272 1028 1295 a
1050 1271 1121 1306 quo
1144 1262 1189 1295 ad
1211 1262 1300 1296 illud
1324 1262 1508 1308 dignitatis
1534 1269 1686 1304 evectus,

313 1321 459 1365 scripsit

458 1376 603 1412 statuta
637 1374 885 1410 Ecclesiastioe
922 1374 982 1409 lib.
1014 1382 1040 1408 1.
1091 1374 1211 1409 Mores
1244 1375 1338 1409 enim
1372 1375 1604 1418 sacerdotum,
1633 1388 1693 1422 pe-

508 1438 606 1467 tente
623 1433 700 1477 ipso
724 1443 818 1478 rege,
842 1432 989 1467 sollicite
1009 1430 1228 1466 reformavit.
1278 1431 1392 1467 Extat
1408 1444 1496 1478 opus
1513 1434 1552 1468 in
1568 1434 1691 1470 biblio·

510 1490 612 1525 theca
645 1489 794 1523 Joannis
829 1488 1018 1535 Bongarsii
1051 1499 1132 1523 cum
1166 1488 1396 1533 inscriptione
1429 1490 1508 1531 ista,
1545 1490 1691 1526 Roberti

513 1546 666 1582 Statuta.

362 1603 502 1639 Floruit
529 1614 622 1638 anno
647 1611 860 1638 mcxxvm.
910 1601 1124 1647 Anonymus
1146 1601 1340 1638 monachus
1364 1602 1624 1650 wigorniensis
1649 1606 1693 1640 ad

312 1660 513 1696 chronicon
531 1660 704 1696 Florentii
721 1660 916 1695 continuat.
934 1659 1107 1694 meminit.

642 1773 686 1807 B.
714 1772 1010 1808 RICHARDUS
1034 1771 1212 1808 ABBAS.
1265 1775 1369 1808 1080.

316 1889 359 1922 Β.
388 1888 643 1927 ΒισΗΑιὶοσε,
667 1886 802 1920 Fuldae
827 1884 945 1926 abbas,
970 1896 1043 1920 non
1070 1886 1205 1920 minore
1234 1886 1365 1931 pietate
1393 1897 1501 1931 quam
1526 1889 1692 1924 eruditio·

315 1957 360 1979 ne
389 1945 550 1990 insignis,
576 1944 627 1977 ait
651 1943 780 1977 Joann.
807 1941 973 1976 Leslaeus
998 1942 1057 1976 lib.
1086 1951 1139 1976 vx.
1165 1954 1245 1989 pag.
1272 1951 1391 1977 CCXV.
1418 1943 1483 1978 hoc
1509 1945 1540 1978 ei
1564 1946 1693 1991 glorio-

318 2012 398 2036 sum
432 2001 526 2045 quod
559 2000 600 2034 S.
636 2000 840 2034 Marianum
875 1999 1036 2033 monachi
1074 1998 1200 2034 habitu
1230 1999 1397 2034 induerit.
1457 2000 1615 2046 Scripsit,
1652 2007 1693 2036 ut

320 2058 437 2098 audio,

464 2114 676 2148 Chronicam
693 2113 907 2148 succinctam
1244 2113 1305 2148 lib.
1324 2122 1350 2147 1.

464 2171 713 2215 Repertorium
731 2169 983 2216 Theologicum
1249 2170 1307 2204 lib.
1328 2179 1352 2204 1.

366 2228 468 2264 Vixit
486 2239 578 2263 anno
598 2234 778 2262 mxcvm.
