2060 2848
366 298 429 328 624
751 297 993 331 HISTORIA
1006 298 1380 332 ECCLESIASTICA

369 394 490 428 solent
501 394 688 441 assignari,
706 398 820 428 matre
843 392 971 434 Galla;
1000 395 1096 428 locus
1123 394 1154 428 ei
1180 394 1309 428 natalis
1327 395 1510 428 castellum
1528 392 1765 428 Andeliacum

370 461 442 485 non
459 452 564 497 longe
582 451 810 497 Rothomago
824 451 868 485 ad
882 450 1094 496 Sequanam.
1133 451 1220 485 Fuit
1237 451 1483 496 philosophiae
1500 456 1536 485 et
1550 450 1767 485 Graecarum

370 508 555 542 literarum
570 508 750 554 professor
767 508 934 543 Lutetiae
951 509 1072 555 regius
1090 509 1328 549 doctissimus,
1346 520 1386 543 ac
1403 509 1607 543 criticorum
1625 519 1766 553 parens.

371 565 522 610 Scripsit
547 567 673 606 multa,
695 576 761 613 ego
784 566 944 600 omnium
971 567 1112 611 apicum
1138 578 1210 601 non
1236 567 1394 607 memini,
1423 577 1486 601 nec
1512 566 1594 600 libri
1618 571 1704 599 sunt
1722 567 1767 599 ad

369 634 539 664 manum3
559 627 772 658 succurrunt
791 629 910 658 tamen
927 622 1229 658 Adversariorum
1247 624 1308 657 lib.
1328 632 1431 659 xxx.
1450 624 1580 668 quibus
1599 629 1695 658 certo
1713 635 1767 657 or-

367 681 450 714 dine
468 686 654 716 auctorum
672 681 751 721 loci,
771 691 860 725 quos
878 681 953 724 ipse
971 685 1096 714 auctor
1112 681 1292 720 omiserat,
1311 681 1466 726 margini
1484 681 1641 725 ascripti,
1660 670 1700 715 et
1714 682 1768 714 in-

366 739 460 772 dices
478 739 632 783 appositi
655 749 762 782 opera
786 737 844 771 Jo.
875 736 1051 771 Furdini:
1077 737 1241 782 inscripti
1268 742 1352 772 sunt
1376 737 1545 772 Michaeli
1573 737 1767 782 Hospitali,

367 795 540 829 Franciae
558 795 777 829 cancellario.

515 853 558 887 In
577 852 708 887 librum
728 852 771 886 de
789 851 882 886 Fato
900 850 1082 886 Ciceronis
1101 852 1401 887 Commentarius.

516 910 559 944 In
577 910 687 944 libros
705 910 748 943 de
766 909 926 955 Legibus
943 909 1103 955 ejusdem
1122 909 1421 944 Commentarius.

514 968 558 1002 In
576 969 687 1002 libros
705 968 748 1001 de
766 967 1002 1001 Divinatione
1017 967 1177 1013 ejusdem
1195 967 1494 1002 Commentarius.

517 1026 762 1060 Praefationes
781 1025 942 1059 solennes
977 1025 1038 1059 lib.
1058 1034 1084 1059 1.
1138 1024 1322 1069 Epistolae
1340 1025 1384 1058 ad
1403 1025 1563 1060 diversos
1581 1026 1641 1060 lib.
1663 1035 1687 1060 1.

515 1083 685 1118 Carmina
709 1083 810 1117 varia
834 1082 894 1116 lib.
916 1092 939 1116 1,
968 1088 1003 1117 et
1028 1083 1066 1116 in
1092 1083 1148 1117 his
1175 1082 1397 1117 nobilissima
1422 1083 1521 1118 Silva
1547 1084 1590 1117 de
1617 1083 1766 1129 Expug-

564 1142 710 1175 natione
729 1140 885 1175 Caletiae
902 1140 1147 1188 ducepGuisio.

514 1199 558 1233 In
577 1199 800 1233 Nicandrum
818 1198 960 1232 Scholia
977 1198 1037 1231 lib.
1059 1206 1084 1231 1.
1111 1202 1146 1233 et
1173 1198 1211 1231 in
1237 1199 1325 1233 alios
1343 1203 1504 1233 auctores
1523 1198 1676 1233 Graecos
1694 1199 1765 1232 Ob-

564 1256 795 1290 servationes.
1011 1264 1014 1265 ⁷

414 1314 595 1349 Scribebat
613 1324 707 1348 anno
726 1321 908 1347 MDLXIV.
960 1312 1106 1347 Scotum
1124 1313 1245 1354 fuisse,
1264 1318 1342 1348 acta
1360 1313 1516 1348 familiae
1530 1315 1709 1360 leguntur,
1724 1320 1771 1348 ut

365 1373 454 1407 mihi
479 1383 583 1416 saepe
609 1371 784 1405 referebat
810 1379 846 1404 v.
871 1379 933 1405 eL.
961 1370 1054 1405 filius
1078 1371 1204 1415 ipsius,
1229 1375 1392 1405 summus
1419 1370 1585 1406 Lutetiae
1611 1376 1765 1411 senator,

365 1441 471 1476 quem
491 1430 680 1468 virtutum,
701 1439 773 1462 non
790 1429 945 1462 nominis
964 1428 1081 1469 modo,
1095 1428 1260 1463 heredem
1280 1429 1513 1464 immaturum
1532 1440 1575 1463 ex
1593 1440 1692 1463 sacro
1710 1440 1766 1463 or-

365 1489 447 1522 dine
465 1492 547 1522 ante
567 1486 762 1521 triennium
782 1497 876 1520 mors
895 1486 1027 1530 rapuit.

821 1600 996 1636 TYROL
1025 1601 1146 1636 REX.
1201 1604 1218 1635 1
1226 1604 1308 1637 148.

365 1719 512 1753 TYROL
540 1730 604 1752 rex
630 1718 830 1758 Scotorum,
851 1725 893 1752 ut
911 1717 1048 1762 opinor,
1067 1720 1138 1752 non
1165 1729 1229 1752 rex
1254 1718 1325 1752 fuit
1352 1718 1602 1764 inauguratuS,
1631 1720 1692 1753 sed
1719 1731 1763 1753 ex

365 1777 462 1822 regio
498 1776 684 1822 sanguine,
721 1780 763 1809 ut
797 1775 902 1809 hodie
940 1775 978 1808 in
1009 1774 1197 1810 Germanis
1237 1787 1359 1810 omnes
1398 1776 1540 1816 ducum,
1580 1777 1762 1817 comitum,

364 1834 681 1878 marchionumque
710 1833 775 1866 filii
806 1833 924 1872 duces,
960 1833 1117 1872 comites,
1157 1838 1192 1867 et
1226 1833 1448 1867 marchiones
1483 1834 1646 1868 audiunt.
1712 1834 1761 1869 Et
1807 1838 1811 1842 '

363 1893 447 1937 quia
491 1893 527 1925 in
571 1891 759 1925 annalibus
803 1891 934 1924 nostris
978 1891 1077 1924 nulla
1117 1891 1194 1936 ejus
1233 1890 1381 1924 omnino
1419 1880 1564 1932 mentio,
1609 1893 1761 1937 amplius

363 1961 487 1984 censeo
519 1949 785 1994 inquirendum,
813 1953 849 1982 et
877 1959 920 1982 ex
951 1948 1063 1982 veteri
1091 1948 1125 1982 S.
1152 1947 1192 1981 C.
1222 1948 1378 1982 formula
1404 1948 1451 1982 N.
1480 1948 1522 1982 L.
1546 1951 1760 1993 pronuncio.

363 2007 530 2042 Meminit
555 2006 735 2040 Wolfram
761 2017 833 2040 von
861 2005 1105 2045 Eschenbach‚
1137 2007 1212 2040 sive
1239 2005 1485 2046 Wolfaranus‚
1512 2006 1631 2041 Carm.
1660 2016 1760 2041 Lxx.

364 2067 406 2099 de
425 2065 605 2098 Daemone
624 2065 756 2098 annulo
774 2064 922 2103 incluso,
941 2068 976 2098 et
999 2062 1239 2107 Epitomator.
1267 2063 1327 2097 lib.
1356 2072 1398 2097 11.
1427 2069 1462 2097 et
1489 2064 1615 2109 Boppo
1642 2065 1759 2099 Carm.

363 2131 456 2157 ch.
521 2122 718 2166 Scriptores
762 2121 931 2156 Germani
975 2132 1054 2155 eum
1095 2121 1133 2154 in
1171 2122 1343 2155 comitatu
1382 2121 1607 2165 imperatoris
1646 2123 1760 2168 egisse

364 2181 542 2225 produnt3
575 2190 646 2224 quo
672 2184 832 2224 tempore
860 2180 979 2213 aulam
1005 2179 1111 2213 etiam
1137 2178 1388 2223 sequebantur,
1420 2184 1483 2213 aut
1513 2180 1671 2214 carmina
1696 2192 1760 2214 sua

364 2238 525 2283 ejusdem·
557 2236 723 2282 operibus
754 2237 967 2282 junxerunt,
1007 2236 1186 2270 Henricus
1225 2236 1430 2281 imperator,
1470 2236 1655 2271 Conradus
1696 2249 1758 2272 rex

365 2295 619 2334 Romanorum,
648 2294 865 2328 Venceslaus
900 2293 1154 2333 Bohemorum‚
1189 2293 1368 2328 Henricus
1399 2295 1473 2328 dux
1500 2303 1538 2328 v·
1566 2294 1760 2329 Ratislavi-

364 2352 470 2393 ensis,
498 2352 587 2386 Otto
608 2352 767 2386 marchio
794 2351 1163 2397 Brandenburgensis,
1197 2351 1375 2385 Henricus
1403 2351 1562 2386 marchio
1594 2351 1758 2391 Misniae,

365 2409 409 2443 N.
427 2410 500 2444 dux
518 2409 705 2449 Ascaniae,
725 2408 748 2442 J
751 2420 882 2444 oannes
900 2409 973 2443 dux
993 2408 1218 2443 Brabantiae.
1269 2407 1419 2453 Scripsit
