2060 2848
357 335 420 365 5378
736 331 969 365 HISTORIA
993 331 1367 365 ECCLESIASTICA

407 428 556 472 Scripsit
606 426 661 461 De
678 426 938 462 Anachoretica
954 425 1041 461 Vita
1107 427 1168 460 lib.
1190 435 1214 459 1.

608 484 663 519 De
681 484 898 529 Contemptu
916 484 1046 518 Mundi
1100 484 1161 517 lib.
1183 492 1207 517 Ι.
1228 487 1262 517 et
1274 483 1343 517 alia
1354 488 1561 519 enumerata
1572 497 1593 519 a
1605 484 1747 520 Balaeo.

398 543 498 577 Obiit
510 553 603 576 anno
616 551 666 576 Dc
673 551 759 575 L111.
784 541 957 587 Sigebert.
972 541 1195 575 Gemblacen.
1211 540 1245 572 in
1259 539 1436 574 Chronico
1448 541 1491 574 ad
1504 553 1584 575 eum
1596 553 1747 577 annum:

358 606 377 619 ‘⁶
395 600 590 639 Judochus,
614 599 708 644 regis
734 598 927 633 Britonum
954 597 1058 637 filius,
1083 602 1202 642 spreto
1227 608 1338 641 regno
1364 602 1398 631 et
1424 599 1569 638 mundo,
1594 601 1749 646 peregri-

356 669 421 691 nus
441 662 476 691 et
494 657 652 696 eremita,
672 656 709 689 in
727 667 819 701 pago
838 655 993 689 Pontino
1011 655 1188 700 requievit
1206 655 1244 688 in
1263 654 1444 689 Christo.'’
1487 655 1622 691 Eadem
1642 657 1666 690 J
1668 669 1747 692 oan.

356 715 530 749 Tritbem.
559 714 618 747 lib.
649 722 673 746 1.
702 712 912 757 Compendii
939 711 1071 746 Annal.
1102 712 1356 746 Francicorum
1378 723 1461 758 pag.
1490 722 1554 747 LV.
1582 715 1619 748 in
1645 714 1748 748 Actis

353 772 541 806 clodovaei
561 770 685 816 Regis.
737 769 922 804 Structum
940 770 972 803 ei
991 770 1247 803 monasterium
1274 780 1384 814 prope
1412 769 1626 811 Hesdinum,
1653 773 1747 816 quod

352 841 444 863 nunc
468 828 779 862 Dommartinense
802 827 948 866 dictum,
972 827 1129 871 primum
1155 827 1282 861 habuit
1308 827 1471 861 abbatem
1499 827 1534 862 S.
1562 829 1746 869 Milonem,

351 892 472 930 postea
490 886 716 919 Morinorum
735 885 940 928 episcopum
958 896 1052 918 anno
1071 893 1179 918 MXX.
1199 884 1366 919 Ferreolo
1385 884 1514 919 Locrio
1532 893 1686 920 auctore.

821 982 856 1017 S.
886 982 1129 1017 JOANNES.
1184 985 1266 1021 708.

350 1067 368 1078 ⁴⁸
383 1059 418 1093 S.
431 1059 454 1092 J
458 1067 493 1093 O.
509 1058 648 1099 Scotus,
661 1058 856 1102 discipulus
868 1057 904 1091 S.
921 1056 1014 1091 Galli
1026 1058 1175 1095 abbatis,
1188 1057 1345 1101 primum
1359 1058 1553 1092 monachus
1566 1059 1604 1092 in
1616 1059 1745 1099 Scotia,

347 1117 472 1150 deinde
498 1117 536 1150 in
559 1115 778 1149 monasterio
804 1113 1038 1160 sangallensi,
1065 1116 1196 1148 electus
1223 1119 1277 1148 est
1303 1115 1488 1160 episcopus
1515 1115 1747 1151 Constantiae

348 1183 403 1207 Xl.
428 1179 462 1208 et
481 1185 561 1207 cum
579 1184 643 1217 per
661 1173 799 1217 aliquot
816 1183 927 1205 annos
945 1172 984 1205 in
1001 1183 1132 1217 magna
1150 1172 1339 1206 sanctitate
1365 1172 1589 1216 praefuisset,
1616 1175 1747 1220 migra-

346 1232 398 1265 vit
419 1231 463 1265 ad
481 1230 710 1270 Dominum‚’'
728 1229 780 1263 ait
803 1227 955 1262 Arnold.
975 1228 1096 1264 Uvion
1114 1229 1174 1263 lib.
1196 1238 1238 1262 11.
1265 1228 1347 1275 Lig.
1372 1229 1478 1264 Vitae
1496 1242 1573 1275 cap.
1594 1241 1745 1266 XXXIX.

348 1289 388 1322 Id
409 1289 517 1322 etiam
542 1288 703 1322 scribunt
726 1286 815 1320 Ant.
843 1285 1054 1320 Demochar.
1084 1291 1168 1320 tom.
1197 1295 1240 1320 11.
1267 1287 1310 1320 de
1329 1286 1512 1322 Sacrificio
1539 1289 1642 1323 Miss.
1671 1301 1746 1334 cap.

346 1354 476 1380 XXXV.
492 1345 671 1379 Francisc.
688 1343 877 1377 Belforest.
894 1343 930 1376 in
945 1343 1238 1391 Cosmographia,
1254 1349 1289 1379 et
1305 1345 1366 1379 alii
1384 1347 1555 1391 plerique.
1597 1346 1746 1392 Scripsit

494 1402 538 1437 In
556 1402 771 1436 Psalterium
791 1400 822 1434 F
824 1401 986 1446 lorilegia
1289 1402 1350 1436 lib.
1372 1412 1396 1436 1.

394 1461 543 1495 Creatus
562 1460 710 1494 antistes
729 1469 823 1492 anno
843 1466 934 1492 DOL.

818 1556 854 1591 S.
882 1556 1126 1592 JOANNES.
1181 1561 1262 1597 709.

343 1636 379 1669 S.
399 1635 419 1668 J
426 1642 603 1674 OANNES,
622 1636 859 1679 cognomento
878 1631 1015 1672 ScotuS,
1035 1632 1096 1666 sed
1113 1638 1219 1678 gente
1236 1633 1392 1680 Anglus‚
1408 1635 1542 1669 electus
1562 1636 1746 1681 episcopus

345 1693 380 1727 S.
399 1693 576 1731 Andreae,
594 1702 705 1737 grave
724 1690 912 1724 dissidium
931 1691 1089 1729 exercuit
1106 1701 1188 1724 cum
1206 1691 1306 1737 Rege
1328 1691 1533 1733 WiIheImo,
1552 1705 1659 1738 super
1675 1705 1746 1739 quo

344 1752 496 1784 multum
528 1760 632 1783 curae
662 1752 892 1792 sumpserunt
922 1747 997 1782 PP.
1028 1747 1235 1782 Alexander
1261 1749 1331 1783 III.
1365 1749 1501 1784 Lucius
1528 1750 1598 1785 III.
1630 1752 1746 1786 Urba·

344 1820 411 1842 nus
431 1807 500 1841 ΙΙΙ.
520 1806 715 1852 Gregorius
733 1804 839 1839 VIII.
869 1805 1031 1839 Clemens
1050 1805 1119 1839 III.
1147 1811 1189 1840 ut
1213 1818 1256 1840 ex
1282 1818 1406 1841 eorum
1435 1808 1548 1843 literis
1571 1814 1681 1854 patet,
1709 1815 1744 1845 et

345 1877 387 1899 ex
418 1865 594 1910 legatione
627 1863 795 1897 Rollandi
822 1862 989 1897 Dolensis
1015 1864 1170 1908 episcopi
1201 1865 1314 1904 electi,
1351 1870 1387 1899 et
1423 1864 1570 1900 Selvani
1606 1868 1743 1902 abbatis

345 1922 618 1956 Rhievallensis.
665 1920 832 1954 Meminit
851 1921 975 1954 multis
994 1920 1157 1966 Rogerus
1176 1922 1219 1955 de
1239 1921 1412 1957 Hoveden
1431 1929 1526 1968 part.
1548 1933 1591 1957 11.
1610 1924 1742 1959 Annal.

344 1981 423 2014 licet
442 1979 601 2013 historici
620 1982 796 2012 nostrates
815 1979 858 2033 as}
878 1989 989 2011 unum
1008 1990 1130 2013 omnes
1149 1980 1288 2013 sileant.
1323 1980 1416 2014 Cum
1432 1986 1511 2016 octo
1524 1982 1626 2016 annis
1645 1985 1744 2017 exul-

343 2042 446 2077 asset,
466 2048 486 2070 a
503 2047 586 2081 rege
604 2040 790 2070 revocatus
810 2036 1015 2080 episcopatu
1034 2035 1278 2071 Dunkeldensi
1305 2038 1458 2072 donatus
1484 2045 1549 2079 est,
1568 2044 1609 2073 ut
1634 2041 1742 2075 latius

344 2099 379 2131 in
400 2097 549 2131 historia
567 2097 662 2130 illius
689 2096 852 2129 ecclesiae
878 2095 1010 2139 aperio.
1063 2093 1157 2140 Ejus
1183 2095 1339 2139 plurima
1365 2095 1542 2137 feruntur,
1570 2098 1630 2131 sed
1657 2110 1743 2142 pau—

344 2166 463 2189 corum
483 2154 599 2198 apices
617 2154 661 2188 ad
680 2165 736 2187 me
754 2156 1018 2197 pervenerunt3
1045 2152 1083 2186 in
1101 2152 1157 2185 his

490 2211 675 2255 Epistolae
693 2212 737 2245 ad
757 2210 947 2245 Pontifices
966 2221 1073 2254 super
1091 2211 1332 2245 controversia
1352 2222 1432 2245 cum
1454 2211 1552 2258 Rege
1582 2212 1643 2247 lib.
1664 2223 1688 2246 1.

491 2270 545 2303 De
563 2269 651 2303 Jure
669 2268 919 2302 Ecclesiastico
1583 2271 1643 2304 lib.
1666 2280 1689 2304 1.

489 2326 687 2360 Submissio
705 2326 841 2359 Causae
859 2337 944 2359 suae
1583 2329 1644 2363 lib.
1667 2339 1690 2363 1.

490 2383 696 2428 Appellatio
715 2383 758 2417 ab
779 2383 974 2418 Interdicto
1177 2391 1181 2395 ‘
1584 2386 1644 2420 lib.
1666 2396 1689 2420 Ι.

392 2441 667 2486 Disceptabatur
685 2452 791 2475 causa
804 2441 880 2486 ejus
895 2451 989 2475 anno
1004 2449 1251 2476 MCLXXX111.
1288 2443 1389 2479 Obiit
1404 2444 1440 2477 in
1455 2442 1642 2478 Neubottil
1656 2443 1741 2479 Coe-
