<?xml version="1.0" encoding="UTF-8"?>
<!DOCTYPE html PUBLIC "-//W3C//DTD XHTML 1.0 Transitional//EN"
    "http://www.w3.org/TR/xhtml1/DTD/xhtml1-transitional.dtd">
<html xmlns="http://www.w3.org/1999/xhtml" xml:lang="en" lang="en">
 <head>
  <title>
</title>
<meta http-equiv="Content-Type" content="text/html;charset=utf-8" />
  <meta name='ocr-system' content='tesseract 3.04.00' />
  <meta name='ocr-capabilities' content='ocr_page ocr_carea ocr_par ocr_line ocrx_word'/>
</head>
<body>
  <div class='ocr_page' id='page_1' title='image "./thomaedempster2102dempuoft_0326.png"; bbox 0 0 2060 2848; ppageno 0'>
   <div class='ocr_carea' id='block_1_1' title="bbox 351 262 1362 297">
    <p class='ocr_par' dir='ltr' id='par_1_1' title="bbox 351 262 1362 297">
     <span class='ocr_line' id='line_1_1' title="bbox 351 262 1362 297; baseline 0 -2"><span class='ocrx_word' id='word_1_1' title='bbox 351 265 415 295; x_wconf 76' lang='lat'><strong>644</strong></span> <span class='ocrx_word' id='word_1_2' title='bbox 732 263 964 297; x_wconf 90' lang='lat' dir='ltr'>HISTORIA</span> <span class='ocrx_word' id='word_1_3' title='bbox 988 262 1362 297; x_wconf 86' lang='lat' dir='ltr'><strong>ECCLESIASTICA</strong></span> 
     </span>
    </p>
   </div>
   <div class='ocr_carea' id='block_1_2' title="bbox 354 356 1749 793">
    <p class='ocr_par' dir='ltr' id='par_1_2' title="bbox 354 356 1749 793">
     <span class='ocr_line' id='line_1_2' title="bbox 354 356 1747 405; baseline -0.001 -12"><span class='ocrx_word' id='word_1_4' title='bbox 354 369 418 393; x_wconf 87' lang='lat' dir='ltr'><strong>nec</strong></span> <span class='ocrx_word' id='word_1_5' title='bbox 448 358 532 393; x_wconf 88' lang='lat' dir='ltr'><strong>alibi</strong></span> <span class='ocrx_word' id='word_1_6' title='bbox 563 359 709 393; x_wconf 88' lang='lat' dir='ltr'><strong>memini</strong></span> <span class='ocrx_word' id='word_1_7' title='bbox 735 359 778 392; x_wconf 87' lang='lat' dir='ltr'><strong>de</strong></span> <span class='ocrx_word' id='word_1_8' title='bbox 804 359 866 394; x_wconf 93' lang='lat' dir='ltr'><strong>illo</strong></span> <span class='ocrx_word' id='word_1_9' title='bbox 891 361 1018 405; x_wconf 87' lang='lat' dir='ltr'><strong>legere.</strong></span> <span class='ocrx_word' id='word_1_10' title='bbox 1069 357 1208 393; x_wconf 86' lang='lat' dir='ltr'>Auctor</span> <span class='ocrx_word' id='word_1_11' title='bbox 1233 359 1295 392; x_wconf 84' lang='lat' dir='ltr'><strong>illa</strong></span> <span class='ocrx_word' id='word_1_12' title='bbox 1320 367 1499 403; x_wconf 84' lang='lat' dir='ltr'><strong>anonyma</strong></span> <span class='ocrx_word' id='word_1_13' title='bbox 1523 356 1686 392; x_wconf 83' lang='lat' dir='ltr'><strong>abbatem</strong></span> <span class='ocrx_word' id='word_1_14' title='bbox 1711 363 1747 392; x_wconf 84' lang='lat' dir='ltr'><strong>et</strong></span> 
     </span>
     <span class='ocr_line' id='line_1_3' title="bbox 354 414 1747 459; baseline -0.002 -9"><span class='ocrx_word' id='word_1_15' title='bbox 354 416 590 450; x_wconf 87' lang='lat' dir='ltr'><strong>confessorem</strong></span> <span class='ocrx_word' id='word_1_16' title='bbox 625 420 728 450; x_wconf 86' lang='lat' dir='ltr'><strong>vocat</strong></span> <span class='ocrx_word' id='word_1_17' title='bbox 759 417 798 450; x_wconf 93' lang='lat' dir='ltr'><strong>in</strong></span> <span class='ocrx_word' id='word_1_18' title='bbox 828 417 925 451; x_wconf 88' lang='lat' dir='ltr'><strong>vitae</strong></span> <span class='ocrx_word' id='word_1_19' title='bbox 954 416 1088 455; x_wconf 90' lang='lat' dir='ltr'><strong>limine,</strong></span> <span class='ocrx_word' id='word_1_20' title='bbox 1117 416 1178 450; x_wconf 87' lang='lat' dir='ltr'><strong>sed</strong></span> <span class='ocrx_word' id='word_1_21' title='bbox 1202 415 1264 450; x_wconf 91' lang='lat' dir='ltr'><strong>ubi</strong></span> <span class='ocrx_word' id='word_1_22' title='bbox 1290 426 1363 450; x_wconf 89' lang='lat' dir='ltr'><strong>non</strong></span> <span class='ocrx_word' id='word_1_23' title='bbox 1387 414 1567 459; x_wconf 84' lang='lat' dir='ltr'><strong>exprimit,</strong></span> <span class='ocrx_word' id='word_1_24' title='bbox 1597 425 1660 448; x_wconf 90' lang='lat' dir='ltr'><strong>nec</strong></span> <span class='ocrx_word' id='word_1_25' title='bbox 1690 415 1747 448; x_wconf 90' lang='lat' dir='ltr'><strong>cui</strong></span> 
     </span>
     <span class='ocr_line' id='line_1_4' title="bbox 354 472 1064 518; baseline 0 -11"><span class='ocrx_word' id='word_1_26' title='bbox 354 474 517 508; x_wconf 86' lang='lat' dir='ltr'><strong>ecclesiae</strong></span> <span class='ocrx_word' id='word_1_27' title='bbox 534 478 712 518; x_wconf 83' lang='lat' dir='ltr'><strong>praeesset</strong></span> <span class='ocrx_word' id='word_1_28' title='bbox 729 474 863 508; x_wconf 88' lang='lat' dir='ltr'><strong>inveni.</strong></span> <span class='ocrx_word' id='word_1_29' title='bbox 914 472 1064 518; x_wconf 80' lang='lat' dir='ltr'><strong>Scripsit</strong></span> 
     </span>
     <span class='ocr_line' id='line_1_5' title="bbox 502 528 1748 573; baseline -0.002 -9"><span class='ocrx_word' id='word_1_30' title='bbox 502 529 563 565; x_wconf 92' lang='lat' dir='ltr'><strong>Ad</strong></span> <span class='ocrx_word' id='word_1_31' title='bbox 576 529 753 564; x_wconf 86' lang='lat' dir='ltr'><strong>Ecclesias</strong></span> <span class='ocrx_word' id='word_1_32' title='bbox 767 530 996 565; x_wconf 86' lang='lat' dir='ltr'><strong>Germanicas</strong></span> <span class='ocrx_word' id='word_1_33' title='bbox 1009 530 1071 564; x_wconf 89' lang='lat' dir='ltr'><strong>lib.</strong></span> <span class='ocrx_word' id='word_1_34' title='bbox 1087 539 1113 564; x_wconf 91' lang='lat'><strong>1.</strong></span> <span class='ocrx_word' id='word_1_35' title='bbox 1155 528 1302 564; x_wconf 86' lang='lat' dir='ltr'>Monuit</span> <span class='ocrx_word' id='word_1_36' title='bbox 1315 540 1372 564; x_wconf 89' lang='lat' dir='ltr'><strong>me</strong></span> <span class='ocrx_word' id='word_1_37' title='bbox 1385 529 1443 564; x_wconf 87' lang='lat' dir='ltr'><strong>vir</strong></span> <span class='ocrx_word' id='word_1_38' title='bbox 1455 529 1579 563; x_wconf 90' lang='lat' dir='ltr'><strong>doctus</strong></span> <span class='ocrx_word' id='word_1_39' title='bbox 1593 540 1630 563; x_wconf 87' lang='lat' dir='ltr'><strong>se</strong></span> <span class='ocrx_word' id='word_1_40' title='bbox 1644 539 1748 573; x_wconf 87' lang='lat' dir='ltr'><strong>quae-</strong></span> 
     </span>
     <span class='ocr_line' id='line_1_6' title="bbox 551 585 1748 632; baseline -0.002 -11"><span class='ocrx_word' id='word_1_41' title='bbox 551 588 634 621; x_wconf 87' lang='lat' dir='ltr'><strong>dam</strong></span> <span class='ocrx_word' id='word_1_42' title='bbox 650 587 764 632; x_wconf 91' lang='lat' dir='ltr'><strong>ipsius</strong></span> <span class='ocrx_word' id='word_1_43' title='bbox 783 588 822 621; x_wconf 90' lang='lat' dir='ltr'><strong>in</strong></span> <span class='ocrx_word' id='word_1_44' title='bbox 846 587 1071 622; x_wconf 86' lang='lat' dir='ltr'><strong>Bibliotheca</strong></span> <span class='ocrx_word' id='word_1_45' title='bbox 1096 586 1271 620; x_wconf 88' lang='lat' dir='ltr'><strong>Bavarica</strong></span> <span class='ocrx_word' id='word_1_46' title='bbox 1296 586 1439 627; x_wconf 88' lang='lat' dir='ltr'><strong>vidisse,</strong></span> <span class='ocrx_word' id='word_1_47' title='bbox 1465 586 1561 631; x_wconf 88' lang='lat' dir='ltr'><strong>quod</strong></span> <span class='ocrx_word' id='word_1_48' title='bbox 1585 590 1660 620; x_wconf 85' lang='lat' dir='ltr'><strong>tam</strong></span> <span class='ocrx_word' id='word_1_49' title='bbox 1685 585 1748 619; x_wconf 89' lang='lat' dir='ltr'><strong>diu</strong></span> 
     </span>
     <span class='ocr_line' id='line_1_7' title="bbox 549 642 1749 679; baseline -0.001 -1"><span class='ocrx_word' id='word_1_50' title='bbox 549 645 625 678; x_wconf 88' lang='lat' dir='ltr'><strong>sine</strong></span> <span class='ocrx_word' id='word_1_51' title='bbox 653 645 798 679; x_wconf 89' lang='lat' dir='ltr'><strong>nomine</strong></span> <span class='ocrx_word' id='word_1_52' title='bbox 824 644 971 678; x_wconf 90' lang='lat' dir='ltr'><strong>latuisse</strong></span> <span class='ocrx_word' id='word_1_53' title='bbox 1000 643 1205 677; x_wconf 87' lang='lat' dir='ltr'><strong>mirandum</strong></span> <span class='ocrx_word' id='word_1_54' title='bbox 1231 643 1271 677; x_wconf 91' lang='lat' dir='ltr'><strong>in</strong></span> <span class='ocrx_word' id='word_1_55' title='bbox 1298 647 1400 677; x_wconf 87' lang='lat' dir='ltr'><strong>tanta</strong></span> <span class='ocrx_word' id='word_1_56' title='bbox 1424 643 1655 678; x_wconf 84' lang='lat' dir='ltr'><strong>scribentium</strong></span> <span class='ocrx_word' id='word_1_57' title='bbox 1681 642 1749 676; x_wconf 84' lang='lat' dir='ltr'><strong>fre-</strong></span> 
     </span>
     <span class='ocr_line' id='line_1_8' title="bbox 548 702 705 745; baseline 0 -10"><span class='ocrx_word' id='word_1_58' title='bbox 548 702 705 745; x_wconf 85' lang='lat' dir='ltr'><strong>quentia.</strong></span> 
     </span>
     <span class='ocr_line' id='line_1_9' title="bbox 404 757 822 793; baseline -0.007 0"><span class='ocrx_word' id='word_1_59' title='bbox 404 757 544 793; x_wconf 84' lang='lat' dir='ltr'><strong>Floruit</strong></span> <span class='ocrx_word' id='word_1_60' title='bbox 561 769 655 792; x_wconf 85' lang='lat' dir='ltr'><strong>anno</strong></span> <span class='ocrx_word' id='word_1_61' title='bbox 672 765 822 791; x_wconf 82' lang='lat' dir='ltr'>DCCXL.</span> 
     </span>
    </p>
   </div>
   <div class='ocr_carea' id='block_1_3' title="bbox 705 871 1404 908">
    <p class='ocr_par' dir='ltr' id='par_1_3' title="bbox 705 871 1404 908">
     <span class='ocr_line' id='line_1_10' title="bbox 705 871 1404 908; baseline -0.001 -1"><span class='ocrx_word' id='word_1_62' title='bbox 705 872 741 907; x_wconf 89' lang='lat' dir='ltr'><strong>S.</strong></span> <span class='ocrx_word' id='word_1_63' title='bbox 767 871 1064 907; x_wconf 86' lang='lat' dir='ltr'><strong>WALPURGA</strong></span> <span class='ocrx_word' id='word_1_64' title='bbox 1089 871 1171 907; x_wconf 86' lang='lat' dir='ltr'><strong>AB.</strong></span> <span class='ocrx_word' id='word_1_65' title='bbox 1197 872 1244 908; x_wconf 87' lang='lat' dir='ltr'><strong>V.</strong></span> <span class='ocrx_word' id='word_1_66' title='bbox 1296 872 1404 907; x_wconf 82' lang='lat'>1160.</span> 
     </span>
    </p>
   </div>
   <div class='ocr_carea' id='block_1_4' title="bbox 356 986 1757 1653">
    <p class='ocr_par' dir='ltr' id='par_1_4' title="bbox 356 986 1757 1653">
     <span class='ocr_line' id='line_1_11' title="bbox 356 986 1752 1034; baseline -0.001 -13"><span class='ocrx_word' id='word_1_67' title='bbox 356 990 391 1023; x_wconf 90' lang='lat' dir='ltr'><strong>S.</strong></span> <span class='ocrx_word' id='word_1_68' title='bbox 411 988 659 1022; x_wconf 77' lang='lat' dir='ltr'>WALPURGA</span> <span class='ocrx_word' id='word_1_69' title='bbox 677 998 740 1022; x_wconf 86' lang='lat' dir='ltr'><strong>seu</strong></span> <span class='ocrx_word' id='word_1_70' title='bbox 755 987 977 1034; x_wconf 48' lang='lat' dir='ltr'><strong>VValpurgisb</strong></span> <span class='ocrx_word' id='word_1_71' title='bbox 996 998 1097 1022; x_wconf 90' lang='lat' dir='ltr'><strong>soror</strong></span> <span class='ocrx_word' id='word_1_72' title='bbox 1113 992 1318 1022; x_wconf 87' lang='lat' dir='ltr'><strong>sanctorum</strong></span> <span class='ocrx_word' id='word_1_73' title='bbox 1334 986 1536 1021; x_wconf 88' lang='lat' dir='ltr'><strong>Willibaldi</strong></span> <span class='ocrx_word' id='word_1_74' title='bbox 1562 990 1598 1021; x_wconf 90' lang='lat' dir='ltr'><strong>et</strong></span> <span class='ocrx_word' id='word_1_75' title='bbox 1624 986 1752 1021; x_wconf 90' lang='lat' dir='ltr'><strong>Wuni-</strong></span> 
     </span>
     <span class='ocr_line' id='line_1_12' title="bbox 358 1043 1754 1091; baseline -0.002 -11"><span class='ocrx_word' id='word_1_76' title='bbox 358 1046 465 1086; x_wconf 87' lang='lat' dir='ltr'><strong>baldi,</strong></span> <span class='ocrx_word' id='word_1_77' title='bbox 489 1050 531 1079; x_wconf 93' lang='lat' dir='ltr'><strong>ut</strong></span> <span class='ocrx_word' id='word_1_78' title='bbox 556 1045 644 1085; x_wconf 84' lang='lat' dir='ltr'><strong>dixi,</strong></span> <span class='ocrx_word' id='word_1_79' title='bbox 671 1049 717 1086; x_wconf 91' lang='lat' dir='ltr'><strong>et,</strong></span> <span class='ocrx_word' id='word_1_80' title='bbox 744 1049 786 1079; x_wconf 91' lang='lat' dir='ltr'><strong>ut</strong></span> <span class='ocrx_word' id='word_1_81' title='bbox 810 1050 910 1089; x_wconf 90' lang='lat' dir='ltr'><strong>puto,</strong></span> <span class='ocrx_word' id='word_1_82' title='bbox 936 1045 1036 1091; x_wconf 90' lang='lat' dir='ltr'><strong>regio</strong></span> <span class='ocrx_word' id='word_1_83' title='bbox 1063 1045 1237 1091; x_wconf 89' lang='lat' dir='ltr'><strong>sanguine</strong></span> <span class='ocrx_word' id='word_1_84' title='bbox 1263 1049 1352 1084; x_wconf 87' lang='lat' dir='ltr'><strong>orta,</strong></span> <span class='ocrx_word' id='word_1_85' title='bbox 1370 1044 1500 1078; x_wconf 84' lang='lat' dir='ltr'><strong>fratres</strong></span> <span class='ocrx_word' id='word_1_86' title='bbox 1518 1054 1563 1078; x_wconf 84' lang='lat' dir='ltr'><strong>ex</strong></span> <span class='ocrx_word' id='word_1_87' title='bbox 1580 1043 1699 1079; x_wconf 86' lang='lat' dir='ltr'><strong>Scotia</strong></span> <span class='ocrx_word' id='word_1_88' title='bbox 1715 1045 1754 1078; x_wconf 92' lang='lat' dir='ltr'><strong>in</strong></span> 
     </span>
     <span class='ocr_line' id='line_1_13' title="bbox 358 1101 1754 1147; baseline -0.001 -10"><span class='ocrx_word' id='word_1_89' title='bbox 358 1103 587 1138; x_wconf 84' lang='lat' dir='ltr'><strong>Germaniam</strong></span> <span class='ocrx_word' id='word_1_90' title='bbox 611 1106 742 1143; x_wconf 87' lang='lat' dir='ltr'><strong>secuta,</strong></span> <span class='ocrx_word' id='word_1_91' title='bbox 772 1106 794 1122; x_wconf 93' lang='lat'><strong>“</strong></span> <span class='ocrx_word' id='word_1_92' title='bbox 811 1102 991 1136; x_wconf 84' lang='lat' dir='ltr'><strong>abbatissa</strong></span> <span class='ocrx_word' id='word_1_93' title='bbox 1017 1103 1055 1136; x_wconf 90' lang='lat' dir='ltr'><strong>in</strong></span> <span class='ocrx_word' id='word_1_94' title='bbox 1082 1102 1356 1141; x_wconf 88' lang='lat' dir='ltr'><strong>Henfdeoheim,</strong></span> <span class='ocrx_word' id='word_1_95' title='bbox 1382 1101 1486 1147; x_wconf 88' lang='lat' dir='ltr'><strong>virgo</strong></span> <span class='ocrx_word' id='word_1_96' title='bbox 1511 1101 1754 1136; x_wconf 84' lang='lat' dir='ltr'><strong>sanctissimae</strong></span> 
     </span>
     <span class='ocr_line' id='line_1_14' title="bbox 359 1158 1755 1205; baseline -0.003 -10"><span class='ocrx_word' id='word_1_97' title='bbox 359 1159 648 1200; x_wconf 84' lang='lat' dir='ltr'><strong>conversationis,</strong></span> <span class='ocrx_word' id='word_1_98' title='bbox 666 1159 791 1194; x_wconf 90' lang='lat' dir='ltr'><strong>multis</strong></span> <span class='ocrx_word' id='word_1_99' title='bbox 809 1159 1005 1193; x_wconf 88' lang='lat' dir='ltr'><strong>virtutibus</strong></span> <span class='ocrx_word' id='word_1_100' title='bbox 1024 1164 1059 1194; x_wconf 93' lang='lat' dir='ltr'><strong>et</strong></span> <span class='ocrx_word' id='word_1_101' title='bbox 1077 1160 1189 1205; x_wconf 87' lang='lat' dir='ltr'><strong>signis</strong></span> <span class='ocrx_word' id='word_1_102' title='bbox 1208 1160 1302 1192; x_wconf 82' lang='lat' dir='ltr'><strong>clara</strong></span> <span class='ocrx_word' id='word_1_103' title='bbox 1319 1158 1473 1199; x_wconf 81' lang='lat' dir='ltr'><strong>enituit3</strong></span> <span class='ocrx_word' id='word_1_104' title='bbox 1499 1159 1602 1204; x_wconf 89' lang='lat' dir='ltr'><strong>cujus</strong></span> <span class='ocrx_word' id='word_1_105' title='bbox 1620 1158 1755 1202; x_wconf 88' lang='lat' dir='ltr'><strong>inclyta</strong></span> 
     </span>
     <span class='ocr_line' id='line_1_15' title="bbox 357 1214 1753 1264; baseline -0.002 -12"><span class='ocrx_word' id='word_1_106' title='bbox 357 1222 458 1264; x_wconf 84' lang='lat' dir='ltr'><strong>gesta</strong></span> <span class='ocrx_word' id='word_1_107' title='bbox 475 1217 665 1263; x_wconf 86' lang='lat' dir='ltr'><strong>diligenter</strong></span> <span class='ocrx_word' id='word_1_108' title='bbox 682 1216 882 1260; x_wconf 88' lang='lat' dir='ltr'><strong>conscripta</strong></span> <span class='ocrx_word' id='word_1_109' title='bbox 899 1215 1019 1261; x_wconf 54' lang='lat' dir='ltr'><strong>sunt?</strong></span> <span class='ocrx_word' id='word_1_110' title='bbox 1070 1216 1248 1250; x_wconf 88' lang='lat' dir='ltr'><strong>Trithem.</strong></span> <span class='ocrx_word' id='word_1_111' title='bbox 1275 1216 1337 1249; x_wconf 91' lang='lat' dir='ltr'><strong>lib.</strong></span> <span class='ocrx_word' id='word_1_112' title='bbox 1365 1224 1426 1250; x_wconf 90' lang='lat'>111.</span> <span class='ocrx_word' id='word_1_113' title='bbox 1453 1216 1496 1250; x_wconf 91' lang='lat' dir='ltr'><strong>de</strong></span> <span class='ocrx_word' id='word_1_114' title='bbox 1521 1214 1599 1249; x_wconf 90' lang='lat' dir='ltr'><strong>Vir.</strong></span> <span class='ocrx_word' id='word_1_115' title='bbox 1623 1215 1753 1249; x_wconf 87' lang='lat' dir='ltr'><strong>illustr.</strong></span> 
     </span>
     <span class='ocr_line' id='line_1_16' title="bbox 360 1272 1756 1319; baseline -0.001 -11"><span class='ocrx_word' id='word_1_116' title='bbox 360 1274 395 1308; x_wconf 88' lang='lat' dir='ltr'><strong>S.</strong></span> <span class='ocrx_word' id='word_1_117' title='bbox 415 1274 601 1308; x_wconf 88' lang='lat' dir='ltr'><strong>Benedicti</strong></span> <span class='ocrx_word' id='word_1_118' title='bbox 619 1284 694 1318; x_wconf 88' lang='lat' dir='ltr'><strong>cap.</strong></span> <span class='ocrx_word' id='word_1_119' title='bbox 714 1282 802 1307; x_wconf 78' lang='lat' dir='ltr'><strong>CCL.</strong></span> <span class='ocrx_word' id='word_1_120' title='bbox 838 1273 1166 1319; x_wconf 86' lang='lat' dir='ltr'><strong>Magdeburgenses</strong></span> <span class='ocrx_word' id='word_1_121' title='bbox 1180 1273 1360 1313; x_wconf 89' lang='lat' dir='ltr'><strong>haeretici,</strong></span> <span class='ocrx_word' id='word_1_122' title='bbox 1371 1272 1395 1305; x_wconf 84' lang='lat' dir='ltr'><strong>J</strong></span> <span class='ocrx_word' id='word_1_123' title='bbox 1397 1284 1527 1307; x_wconf 89' lang='lat' dir='ltr'><strong>oannes</strong></span> <span class='ocrx_word' id='word_1_124' title='bbox 1541 1272 1705 1312; x_wconf 87' lang='lat' dir='ltr'><strong>Balaeus,</strong></span> <span class='ocrx_word' id='word_1_125' title='bbox 1720 1277 1756 1307; x_wconf 90' lang='lat' dir='ltr'><strong>et</strong></span> 
     </span>
     <span class='ocr_line' id='line_1_17' title="bbox 360 1328 1757 1374; baseline -0.003 -8"><span class='ocrx_word' id='word_1_126' title='bbox 360 1332 476 1366; x_wconf 85' lang='lat' dir='ltr'><strong>Josias</strong></span> <span class='ocrx_word' id='word_1_127' title='bbox 501 1331 671 1365; x_wconf 88' lang='lat' dir='ltr'><strong>Simlerus</strong></span> <span class='ocrx_word' id='word_1_128' title='bbox 697 1331 735 1365; x_wconf 88' lang='lat' dir='ltr'><strong>in</strong></span> <span class='ocrx_word' id='word_1_129' title='bbox 761 1330 931 1374; x_wconf 89' lang='lat' dir='ltr'><strong>Epitome</strong></span> <span class='ocrx_word' id='word_1_130' title='bbox 958 1330 1201 1365; x_wconf 86' lang='lat' dir='ltr'><strong>Bibliothecae</strong></span> <span class='ocrx_word' id='word_1_131' title='bbox 1220 1329 1375 1363; x_wconf 89' lang='lat' dir='ltr'><strong>Conradi</strong></span> <span class='ocrx_word' id='word_1_132' title='bbox 1394 1328 1553 1369; x_wconf 87' lang='lat' dir='ltr'><strong>Gesneri,</strong></span> <span class='ocrx_word' id='word_1_133' title='bbox 1578 1328 1757 1363; x_wconf 90' lang='lat' dir='ltr'><strong>Willibal-</strong></span> 
     </span>
     <span class='ocr_line' id='line_1_18' title="bbox 360 1386 1756 1432; baseline -0.002 -9"><span class='ocrx_word' id='word_1_134' title='bbox 360 1390 445 1423; x_wconf 88' lang='lat' dir='ltr'><strong>dum</strong></span> <span class='ocrx_word' id='word_1_135' title='bbox 465 1388 596 1423; x_wconf 85' lang='lat' dir='ltr'><strong>sororis</strong></span> <span class='ocrx_word' id='word_1_136' title='bbox 614 1399 699 1422; x_wconf 88' lang='lat' dir='ltr'><strong>suae</strong></span> <span class='ocrx_word' id='word_1_137' title='bbox 725 1388 838 1422; x_wconf 89' lang='lat' dir='ltr'><strong>vitam</strong></span> <span class='ocrx_word' id='word_1_138' title='bbox 864 1388 991 1421; x_wconf 90' lang='lat' dir='ltr'><strong>volunt</strong></span> <span class='ocrx_word' id='word_1_139' title='bbox 1016 1387 1209 1432; x_wconf 90' lang='lat' dir='ltr'><strong>scripsisse,</strong></span> <span class='ocrx_word' id='word_1_140' title='bbox 1236 1387 1297 1421; x_wconf 89' lang='lat' dir='ltr'><strong>sed</strong></span> <span class='ocrx_word' id='word_1_141' title='bbox 1322 1387 1384 1420; x_wconf 84' lang='lat' dir='ltr'><strong>illa</strong></span> <span class='ocrx_word' id='word_1_142' title='bbox 1408 1386 1526 1431; x_wconf 87' lang='lat' dir='ltr'><strong>periit,</strong></span> <span class='ocrx_word' id='word_1_143' title='bbox 1552 1390 1615 1421; x_wconf 84' lang='lat' dir='ltr'><strong>aut</strong></span> <span class='ocrx_word' id='word_1_144' title='bbox 1640 1386 1756 1420; x_wconf 86' lang='lat' dir='ltr'><strong>adhuc</strong></span> 
     </span>
     <span class='ocr_line' id='line_1_19' title="bbox 360 1443 1755 1489; baseline -0.002 -9"><span class='ocrx_word' id='word_1_145' title='bbox 360 1446 557 1486; x_wconf 82' lang='lat' dir='ltr'><strong>delitescit3</strong></span> <span class='ocrx_word' id='word_1_146' title='bbox 587 1447 698 1480; x_wconf 86' lang='lat' dir='ltr'><strong>altera</strong></span> <span class='ocrx_word' id='word_1_147' title='bbox 715 1449 769 1479; x_wconf 91' lang='lat' dir='ltr'><strong>est</strong></span> <span class='ocrx_word' id='word_1_148' title='bbox 785 1444 919 1489; x_wconf 87' lang='lat' dir='ltr'><strong>scripta</strong></span> <span class='ocrx_word' id='word_1_149' title='bbox 944 1456 966 1479; x_wconf 86' lang='lat' dir='ltr'><strong>a</strong></span> <span class='ocrx_word' id='word_1_150' title='bbox 992 1444 1160 1489; x_wconf 87' lang='lat' dir='ltr'><strong>Philippo</strong></span> <span class='ocrx_word' id='word_1_151' title='bbox 1186 1444 1349 1489; x_wconf 88' lang='lat' dir='ltr'><strong>episcopo</strong></span> <span class='ocrx_word' id='word_1_152' title='bbox 1374 1443 1584 1483; x_wconf 90' lang='lat' dir='ltr'><strong>Eistatensi,</strong></span> <span class='ocrx_word' id='word_1_153' title='bbox 1608 1444 1669 1477; x_wconf 86' lang='lat' dir='ltr'><strong>sed</strong></span> <span class='ocrx_word' id='word_1_154' title='bbox 1695 1443 1755 1477; x_wconf 84' lang='lat' dir='ltr'><strong>illa</strong></span> 
     </span>
     <span class='ocr_line' id='line_1_20' title="bbox 360 1500 1757 1548; baseline -0.002 -11"><span class='ocrx_word' id='word_1_155' title='bbox 360 1504 550 1548; x_wconf 87' lang='lat' dir='ltr'><strong>prolixior;</strong></span> <span class='ocrx_word' id='word_1_156' title='bbox 570 1503 677 1537; x_wconf 86' lang='lat' dir='ltr'><strong>tertia</strong></span> <span class='ocrx_word' id='word_1_157' title='bbox 688 1502 732 1537; x_wconf 88' lang='lat' dir='ltr'><strong>ab</strong></span> <span class='ocrx_word' id='word_1_158' title='bbox 743 1507 887 1536; x_wconf 88' lang='lat' dir='ltr'><strong>auctore</strong></span> <span class='ocrx_word' id='word_1_159' title='bbox 900 1501 1017 1536; x_wconf 88' lang='lat' dir='ltr'><strong>Wolff</strong></span> <span class='ocrx_word' id='word_1_160' title='bbox 1018 1502 1130 1535; x_wconf 85' lang='lat' dir='ltr'><strong>hardo</strong></span> <span class='ocrx_word' id='word_1_161' title='bbox 1143 1502 1316 1535; x_wconf 91' lang='lat' dir='ltr'><strong>monacho</strong></span> <span class='ocrx_word' id='word_1_162' title='bbox 1331 1500 1609 1535; x_wconf 86' lang='lat' dir='ltr'><strong>Hasenrietano:</strong></span> <span class='ocrx_word' id='word_1_163' title='bbox 1623 1506 1757 1535; x_wconf 89' lang='lat' dir='ltr'><strong>utram-</strong></span> 
     </span>
     <span class='ocr_line' id='line_1_21' title="bbox 362 1557 1756 1606; baseline -0.002 -12"><span class='ocrx_word' id='word_1_164' title='bbox 362 1572 431 1606; x_wconf 90' lang='lat' dir='ltr'><strong>que</strong></span> <span class='ocrx_word' id='word_1_165' title='bbox 448 1560 560 1594; x_wconf 86' lang='lat' dir='ltr'><strong>edidit</strong></span> <span class='ocrx_word' id='word_1_166' title='bbox 578 1559 757 1594; x_wconf 91' lang='lat' dir='ltr'><strong>Henricus</strong></span> <span class='ocrx_word' id='word_1_167' title='bbox 772 1559 938 1593; x_wconf 88' lang='lat' dir='ltr'><strong>Canisius</strong></span> <span class='ocrx_word' id='word_1_168' title='bbox 956 1563 1042 1593; x_wconf 87' lang='lat' dir='ltr'><strong>tom.</strong></span> <span class='ocrx_word' id='word_1_169' title='bbox 1058 1567 1113 1593; x_wconf 83' lang='lat' dir='ltr'><strong>VI.</strong></span> <span class='ocrx_word' id='word_1_170' title='bbox 1128 1558 1323 1604; x_wconf 89' lang='lat' dir='ltr'><strong>Antiquar.</strong></span> <span class='ocrx_word' id='word_1_171' title='bbox 1337 1558 1499 1593; x_wconf 87' lang='lat' dir='ltr'><strong>Lection.</strong></span> <span class='ocrx_word' id='word_1_172' title='bbox 1534 1557 1652 1593; x_wconf 84' lang='lat' dir='ltr'><strong>Wolff</strong></span> <span class='ocrx_word' id='word_1_173' title='bbox 1654 1558 1756 1592; x_wconf 84' lang='lat' dir='ltr'><strong>hardi</strong></span> 
     </span>
     <span class='ocr_line' id='line_1_22' title="bbox 363 1617 901 1653; baseline -0.006 0"><span class='ocrx_word' id='word_1_174' title='bbox 363 1622 449 1653; x_wconf 88' lang='lat' dir='ltr'><strong>sunt</strong></span> <span class='ocrx_word' id='word_1_175' title='bbox 468 1618 573 1652; x_wconf 87' lang='lat' dir='ltr'><strong>etiam</strong></span> <span class='ocrx_word' id='word_1_176' title='bbox 593 1618 636 1651; x_wconf 90' lang='lat' dir='ltr'><strong>de</strong></span> <span class='ocrx_word' id='word_1_177' title='bbox 654 1629 695 1652; x_wconf 90' lang='lat' dir='ltr'><strong>ea</strong></span> <span class='ocrx_word' id='word_1_178' title='bbox 711 1617 877 1651; x_wconf 90' lang='lat' dir='ltr'><strong>versiculi</strong></span> <span class='ocrx_word' id='word_1_179' title='bbox 893 1626 901 1650; x_wconf 70' lang='grc' dir='ltr'><strong><em>ε</em></strong></span> 
     </span>
    </p>
   </div>
   <div class='ocr_carea' id='block_1_5' title="bbox 662 1702 1438 1976">
    <p class='ocr_par' dir='ltr' id='par_1_5' title="bbox 662 1702 1438 1881">
     <span class='ocr_line' id='line_1_23' title="bbox 662 1702 1355 1741; baseline 0 -10"><span class='ocrx_word' id='word_1_180' title='bbox 662 1703 739 1732; x_wconf 83' lang='lat' dir='ltr'><strong>Filia</strong></span> <span class='ocrx_word' id='word_1_181' title='bbox 752 1702 828 1741; x_wconf 87' lang='lat' dir='ltr'><strong>regis</strong></span> <span class='ocrx_word' id='word_1_182' title='bbox 842 1707 913 1735; x_wconf 89' lang='lat' dir='ltr'><strong>erat,</strong></span> <span class='ocrx_word' id='word_1_183' title='bbox 927 1702 978 1731; x_wconf 91' lang='lat' dir='ltr'><strong>sed</strong></span> <span class='ocrx_word' id='word_1_184' title='bbox 992 1712 1111 1740; x_wconf 85' lang='lat' dir='ltr'><strong>egenam</strong></span> <span class='ocrx_word' id='word_1_185' title='bbox 1125 1711 1156 1731; x_wconf 86' lang='lat' dir='ltr'><strong>se</strong></span> <span class='ocrx_word' id='word_1_186' title='bbox 1170 1702 1295 1731; x_wconf 82' lang='lat' dir='ltr'><strong>faciebat</strong></span> <span class='ocrx_word' id='word_1_187' title='bbox 1352 1733 1355 1735; x_wconf 75' lang='grc'>,</span> 
     </span>
     <span class='ocr_line' id='line_1_24' title="bbox 664 1749 1393 1788; baseline 0 -11"><span class='ocrx_word' id='word_1_188' title='bbox 664 1750 767 1783; x_wconf 87' lang='lat' dir='ltr'><strong>Dives,</strong></span> <span class='ocrx_word' id='word_1_189' title='bbox 781 1755 811 1778; x_wconf 86' lang='lat' dir='ltr'><strong>et</strong></span> <span class='ocrx_word' id='word_1_190' title='bbox 826 1754 860 1778; x_wconf 91' lang='lat' dir='ltr'><strong>ut</strong></span> <span class='ocrx_word' id='word_1_191' title='bbox 875 1749 990 1778; x_wconf 79' lang='lat' dir='ltr'><strong>Christo</strong></span> <span class='ocrx_word' id='word_1_192' title='bbox 1003 1754 1136 1787; x_wconf 84' lang='lat' dir='ltr'><strong>regnaret</strong></span> <span class='ocrx_word' id='word_1_193' title='bbox 1150 1759 1262 1788; x_wconf 85' lang='lat' dir='ltr'><strong>semper</strong></span> <span class='ocrx_word' id='word_1_194' title='bbox 1276 1749 1306 1777; x_wconf 91' lang='lat' dir='ltr'><strong>in</strong></span> <span class='ocrx_word' id='word_1_195' title='bbox 1321 1749 1393 1777; x_wconf 88' lang='lat' dir='ltr'><strong>isto:</strong></span> 
     </span>
     <span class='ocr_line' id='line_1_25' title="bbox 664 1795 1438 1832; baseline -0.001 -7"><span class='ocrx_word' id='word_1_196' title='bbox 664 1797 761 1832; x_wconf 83' lang='lat' dir='ltr'><strong>Quam</strong></span> <span class='ocrx_word' id='word_1_197' title='bbox 774 1796 813 1825; x_wconf 85' lang='lat' dir='ltr'><strong>sit</strong></span> <span class='ocrx_word' id='word_1_198' title='bbox 826 1797 912 1825; x_wconf 81' lang='lat' dir='ltr'><strong>chara</strong></span> <span class='ocrx_word' id='word_1_199' title='bbox 926 1797 999 1828; x_wconf 87' lang='lat' dir='ltr'><strong>Deo,</strong></span> <span class='ocrx_word' id='word_1_200' title='bbox 1014 1801 1175 1825; x_wconf 80' lang='lat' dir='ltr'><strong>monstrant</strong></span> <span class='ocrx_word' id='word_1_201' title='bbox 1188 1795 1326 1824; x_wconf 83' lang='lat' dir='ltr'><strong>miracula</strong></span> <span class='ocrx_word' id='word_1_202' title='bbox 1339 1796 1438 1825; x_wconf 87' lang='lat' dir='ltr'><strong>crebro</strong></span> 
     </span>
     <span class='ocr_line' id='line_1_26' title="bbox 664 1843 1367 1881; baseline -0.003 -9"><span class='ocrx_word' id='word_1_203' title='bbox 664 1843 749 1879; x_wconf 84' lang='lat' dir='ltr'><strong>Quae</strong></span> <span class='ocrx_word' id='word_1_204' title='bbox 763 1843 875 1872; x_wconf 84' lang='lat' dir='ltr'><strong>meritis</strong></span> <span class='ocrx_word' id='word_1_205' title='bbox 889 1844 952 1881; x_wconf 81' lang='lat' dir='ltr'><strong>ejus</strong></span> <span class='ocrx_word' id='word_1_206' title='bbox 967 1843 1078 1872; x_wconf 87' lang='lat' dir='ltr'><strong>confert</strong></span> <span class='ocrx_word' id='word_1_207' title='bbox 1092 1843 1128 1872; x_wconf 89' lang='lat' dir='ltr'><strong>de</strong></span> <span class='ocrx_word' id='word_1_208' title='bbox 1142 1843 1253 1881; x_wconf 87' lang='lat' dir='ltr'><strong>virgine</strong></span> <span class='ocrx_word' id='word_1_209' title='bbox 1266 1848 1367 1872; x_wconf 84' lang='lat' dir='ltr'><strong>natus:</strong></span> 
     </span>
    </p>

    <p class='ocr_par' dir='ltr' id='par_1_6' title="bbox 664 1889 1357 1976">
     <span class='ocr_line' id='line_1_27' title="bbox 666 1889 1356 1929; baseline -0.003 -10"><span class='ocrx_word' id='word_1_210' title='bbox 666 1891 713 1918; x_wconf 90' lang='lat' dir='ltr'><strong>Ex</strong></span> <span class='ocrx_word' id='word_1_211' title='bbox 727 1890 790 1928; x_wconf 83' lang='lat' dir='ltr'><strong>ejus</strong></span> <span class='ocrx_word' id='word_1_212' title='bbox 803 1891 905 1919; x_wconf 85' lang='lat' dir='ltr'><strong>tumba</strong></span> <span class='ocrx_word' id='word_1_213' title='bbox 918 1895 1016 1919; x_wconf 82' lang='lat' dir='ltr'><strong>manat</strong></span> <span class='ocrx_word' id='word_1_214' title='bbox 1030 1900 1109 1919; x_wconf 81' lang='lat' dir='ltr'><strong>sacra</strong></span> <span class='ocrx_word' id='word_1_215' title='bbox 1121 1890 1245 1929; x_wconf 83' lang='lat' dir='ltr'><strong>pectoris</strong></span> <span class='ocrx_word' id='word_1_216' title='bbox 1258 1889 1337 1918; x_wconf 86' lang='lat' dir='ltr'><strong>unda</strong></span> <span class='ocrx_word' id='word_1_217' title='bbox 1346 1900 1356 1924; x_wconf 86' lang='lat'><strong>,-</strong></span> 
     </span>
     <span class='ocr_line' id='line_1_28' title="bbox 664 1936 1357 1976; baseline -0.003 -10"><span class='ocrx_word' id='word_1_218' title='bbox 664 1937 769 1966; x_wconf 86' lang='lat' dir='ltr'><strong>Servae</strong></span> <span class='ocrx_word' id='word_1_219' title='bbox 782 1947 907 1976; x_wconf 86' lang='lat' dir='ltr'><strong>namque</strong></span> <span class='ocrx_word' id='word_1_220' title='bbox 921 1937 979 1967; x_wconf 87' lang='lat' dir='ltr'><strong>Dei</strong></span> <span class='ocrx_word' id='word_1_221' title='bbox 993 1937 1064 1966; x_wconf 84' lang='lat' dir='ltr'><strong>coeli</strong></span> <span class='ocrx_word' id='word_1_222' title='bbox 1077 1937 1129 1965; x_wconf 89' lang='lat' dir='ltr'><strong>lux</strong></span> <span class='ocrx_word' id='word_1_223' title='bbox 1143 1936 1290 1976; x_wconf 86' lang='lat' dir='ltr'><strong>splenduit</strong></span> <span class='ocrx_word' id='word_1_224' title='bbox 1305 1936 1357 1965; x_wconf 88' lang='lat' dir='ltr'><strong>illi.</strong></span> 
     </span>
    </p>
   </div>
   <div class='ocr_carea' id='block_1_6' title="bbox 365 2016 1757 2350">
    <p class='ocr_par' dir='ltr' id='par_1_7' title="bbox 365 2016 1757 2350">
     <span class='ocr_line' id='line_1_29' title="bbox 414 2016 1754 2063; baseline 0 -10"><span class='ocrx_word' id='word_1_225' title='bbox 414 2018 551 2053; x_wconf 88' lang='lat' dir='ltr'><strong>Errant</strong></span> <span class='ocrx_word' id='word_1_226' title='bbox 568 2017 630 2063; x_wconf 93' lang='lat' dir='ltr'><strong>qui</strong></span> <span class='ocrx_word' id='word_1_227' title='bbox 644 2017 736 2051; x_wconf 88' lang='lat' dir='ltr'><strong>hanc</strong></span> <span class='ocrx_word' id='word_1_228' title='bbox 749 2016 907 2063; x_wconf 87' lang='lat' dir='ltr'><strong>Anglam</strong></span> <span class='ocrx_word' id='word_1_229' title='bbox 921 2017 1140 2056; x_wconf 86' lang='lat' dir='ltr'><strong>existimant,</strong></span> <span class='ocrx_word' id='word_1_230' title='bbox 1154 2028 1234 2051; x_wconf 92' lang='lat' dir='ltr'><strong>cum</strong></span> <span class='ocrx_word' id='word_1_231' title='bbox 1249 2016 1378 2051; x_wconf 82' lang='lat' dir='ltr'><strong>fratres</strong></span> <span class='ocrx_word' id='word_1_232' title='bbox 1391 2016 1465 2051; x_wconf 85' lang='lat' dir='ltr'><strong>sint</strong></span> <span class='ocrx_word' id='word_1_233' title='bbox 1478 2016 1585 2052; x_wconf 87' lang='lat' dir='ltr'><strong>Scoti.</strong></span> <span class='ocrx_word' id='word_1_234' title='bbox 1624 2017 1648 2051; x_wconf 86' lang='lat' dir='ltr'><strong>J</strong></span> <span class='ocrx_word' id='word_1_235' title='bbox 1649 2029 1754 2053; x_wconf 87' lang='lat' dir='ltr'><strong>oann.</strong></span> 
     </span>
     <span class='ocr_line' id='line_1_30' title="bbox 365 2073 1757 2121; baseline 0 -11"><span class='ocrx_word' id='word_1_236' title='bbox 365 2076 499 2111; x_wconf 89' lang='lat' dir='ltr'><strong>Molan.</strong></span> <span class='ocrx_word' id='word_1_237' title='bbox 518 2074 705 2109; x_wconf 89' lang='lat' dir='ltr'><strong>Addition.</strong></span> <span class='ocrx_word' id='word_1_238' title='bbox 724 2074 769 2108; x_wconf 86' lang='lat' dir='ltr'><strong>ad</strong></span> <span class='ocrx_word' id='word_1_239' title='bbox 786 2074 917 2109; x_wconf 90' lang='lat' dir='ltr'><strong>Usuar.</strong></span> <span class='ocrx_word' id='word_1_240' title='bbox 936 2075 993 2108; x_wconf 88' lang='lat' dir='ltr'><strong>die</strong></span> <span class='ocrx_word' id='word_1_241' title='bbox 1014 2083 1039 2108; x_wconf 81' lang='grc' dir='ltr'><strong>Ι.</strong></span> <span class='ocrx_word' id='word_1_242' title='bbox 1058 2074 1170 2108; x_wconf 83' lang='lat' dir='ltr'><strong>Maii:</strong></span> <span class='ocrx_word' id='word_1_243' title='bbox 1191 2078 1213 2094; x_wconf 87' lang='lat'><strong>“</strong></span> <span class='ocrx_word' id='word_1_244' title='bbox 1226 2073 1310 2119; x_wconf 90' lang='lat' dir='ltr'><strong>Ipso</strong></span> <span class='ocrx_word' id='word_1_245' title='bbox 1327 2075 1384 2109; x_wconf 89' lang='lat' dir='ltr'><strong>die</strong></span> <span class='ocrx_word' id='word_1_246' title='bbox 1402 2074 1438 2108; x_wconf 89' lang='lat' dir='ltr'><strong>S.</strong></span> <span class='ocrx_word' id='word_1_247' title='bbox 1453 2074 1674 2121; x_wconf 87' lang='lat' dir='ltr'><strong>Walpurgae</strong></span> <span class='ocrx_word' id='word_1_248' title='bbox 1685 2076 1757 2110; x_wconf 89' lang='lat' dir='ltr'><strong>vir-</strong></span> 
     </span>
     <span class='ocr_line' id='line_1_31' title="bbox 366 2129 1756 2179; baseline 0 -12"><span class='ocrx_word' id='word_1_249' title='bbox 366 2133 460 2179; x_wconf 85' lang='lat' dir='ltr'><strong>ginis</strong></span> <span class='ocrx_word' id='word_1_250' title='bbox 472 2132 503 2166; x_wconf 86' lang='lat'><strong>:&#39;&#39;</strong></span> <span class='ocrx_word' id='word_1_251' title='bbox 532 2132 570 2166; x_wconf 92' lang='lat' dir='ltr'><strong>in</strong></span> <span class='ocrx_word' id='word_1_252' title='bbox 596 2131 886 2166; x_wconf 85' lang='lat' dir='ltr'><strong>annotationibus</strong></span> <span class='ocrx_word' id='word_1_253' title='bbox 908 2131 1035 2165; x_wconf 87' lang='lat' dir='ltr'><strong>deinde</strong></span> <span class='ocrx_word' id='word_1_254' title='bbox 1060 2131 1180 2166; x_wconf 87' lang='lat' dir='ltr'><strong>subdit</strong></span> <span class='ocrx_word' id='word_1_255' title='bbox 1206 2129 1252 2165; x_wconf 86' lang='lat' dir='ltr'><strong>de</strong></span> <span class='ocrx_word' id='word_1_256' title='bbox 1276 2129 1503 2178; x_wconf 82' lang='lat' dir='ltr'><strong>Walpurgae</strong></span> <span class='ocrx_word' id='word_1_257' title='bbox 1518 2130 1756 2173; x_wconf 77' lang='lat' dir='ltr'><strong>Bibliotheca,</strong></span> 
     </span>
     <span class='ocr_line' id='line_1_32' title="bbox 369 2187 1756 2234; baseline 0.001 -11"><span class='ocrx_word' id='word_1_258' title='bbox 369 2195 389 2210; x_wconf 87' lang='lat'><strong><em>“</em></strong></span> <span class='ocrx_word' id='word_1_259' title='bbox 406 2189 635 2224; x_wconf 84' lang='lat' dir='ltr'><strong>Willibaldus</strong></span> <span class='ocrx_word' id='word_1_260' title='bbox 658 2189 796 2233; x_wconf 91' lang='lat' dir='ltr'><strong>primus</strong></span> <span class='ocrx_word' id='word_1_261' title='bbox 819 2189 1003 2233; x_wconf 89' lang='lat' dir='ltr'><strong>episcopus</strong></span> <span class='ocrx_word' id='word_1_262' title='bbox 1028 2187 1255 2229; x_wconf 88' lang='lat' dir='ltr'><strong>Eistatensis,</strong></span> <span class='ocrx_word' id='word_1_263' title='bbox 1281 2189 1425 2223; x_wconf 81' lang='lat' dir='ltr'><strong>natione</strong></span> <span class='ocrx_word' id='word_1_264' title='bbox 1451 2188 1587 2230; x_wconf 91' lang='lat' dir='ltr'><strong>Scotus‚</strong></span> <span class='ocrx_word' id='word_1_265' title='bbox 1613 2190 1756 2234; x_wconf 89' lang='lat' dir='ltr'><strong>scripsit</strong></span> 
     </span>
     <span class='ocr_line' id='line_1_33' title="bbox 368 2245 1755 2292; baseline 0 -11"><span class='ocrx_word' id='word_1_266' title='bbox 368 2247 479 2281; x_wconf 87' lang='lat' dir='ltr'><strong>vitam</strong></span> <span class='ocrx_word' id='word_1_267' title='bbox 498 2246 534 2280; x_wconf 90' lang='lat' dir='ltr'><strong>S.</strong></span> <span class='ocrx_word' id='word_1_268' title='bbox 553 2246 730 2280; x_wconf 86' lang='lat' dir='ltr'><strong>Bonifacii</strong></span> <span class='ocrx_word' id='word_1_269' title='bbox 748 2245 913 2290; x_wconf 86' lang='lat' dir='ltr'><strong>episcopi,</strong></span> <span class='ocrx_word' id='word_1_270' title='bbox 932 2246 1045 2280; x_wconf 83' lang='lat' dir='ltr'><strong>vitam</strong></span> <span class='ocrx_word' id='word_1_271' title='bbox 1058 2245 1278 2292; x_wconf 89' lang='lat' dir='ltr'><strong>Walpurgae</strong></span> <span class='ocrx_word' id='word_1_272' title='bbox 1295 2247 1459 2281; x_wconf 90' lang='lat' dir='ltr'><strong>sororis.&#39;&#39;</strong></span> <span class='ocrx_word' id='word_1_273' title='bbox 1509 2246 1614 2286; x_wconf 88' lang='lat' dir='ltr'><strong>Quod</strong></span> <span class='ocrx_word' id='word_1_274' title='bbox 1632 2252 1685 2281; x_wconf 89' lang='lat' dir='ltr'><strong>est</strong></span> <span class='ocrx_word' id='word_1_275' title='bbox 1702 2247 1755 2280; x_wconf 91' lang='lat' dir='ltr'><strong>in-</strong></span> 
     </span>
     <span class='ocr_line' id='line_1_34' title="bbox 369 2303 1755 2350; baseline 0 -12"><span class='ocrx_word' id='word_1_276' title='bbox 369 2304 599 2350; x_wconf 87' lang='lat' dir='ltr'><strong>telligendum</strong></span> <span class='ocrx_word' id='word_1_277' title='bbox 633 2303 677 2338; x_wconf 89' lang='lat' dir='ltr'><strong>de</strong></span> <span class='ocrx_word' id='word_1_278' title='bbox 710 2303 940 2339; x_wconf 86' lang='lat' dir='ltr'><strong>translatione</strong></span> <span class='ocrx_word' id='word_1_279' title='bbox 974 2303 1063 2349; x_wconf 79' lang='lat' dir='ltr'><strong>ejus,</strong></span> <span class='ocrx_word' id='word_1_280' title='bbox 1097 2314 1169 2337; x_wconf 87' lang='lat' dir='ltr'><strong>non</strong></span> <span class='ocrx_word' id='word_1_281' title='bbox 1199 2314 1283 2338; x_wconf 88' lang='lat' dir='ltr'><strong>vero</strong></span> <span class='ocrx_word' id='word_1_282' title='bbox 1315 2304 1358 2337; x_wconf 88' lang='lat' dir='ltr'><strong>de</strong></span> <span class='ocrx_word' id='word_1_283' title='bbox 1389 2304 1499 2345; x_wconf 91' lang='lat' dir='ltr'><strong>obitu,</strong></span> <span class='ocrx_word' id='word_1_284' title='bbox 1529 2314 1612 2338; x_wconf 87' lang='lat' dir='ltr'><strong>nam</strong></span> <span class='ocrx_word' id='word_1_285' title='bbox 1644 2305 1755 2338; x_wconf 85' lang='lat' dir='ltr'><strong>calen-</strong></span> 
     </span>
    </p>
   </div>
  </div>
 </body>
</html>
