2060 2848
680 249 855 282 GENTIS
880 249 1154 289 SCOTORUM,
1178 250 1267 283 LIB.
1290 252 1389 284 XIX.
1664 252 1727 283 655

392 343 558 377 Excessit
575 353 669 377 anno
688 351 852 377 DLXXII.
904 343 1049 378 Scotum
1065 356 1171 389 porro
1188 345 1273 379 facit
1294 344 1549 379 Constantinus
1572 344 1723 379 Ghinius

343 400 380 433 in
398 397 556 434 Natalib.
583 399 645 433 SS.
674 399 946 440 Canonicorum‚
971 401 1032 434 ubi
1058 402 1171 445 plura,
1197 406 1233 436 et
1258 401 1458 435 Chronicon
1476 400 1723 436 Cameracense

340 456 472 490 diserte
490 456 634 490 Scotum
654 457 805 496 vocavit,
826 466 870 490 11.
889 456 1063 491 Novemb.
1083 458 1184 502 cujus
1202 458 1309 492 verba
1326 463 1412 492 sunt
1429 459 1522 502 apud
1541 457 1723 492 Molanum

342 512 454 547 Indic.
479 512 541 547 SS.
566 513 684 558 Belgii
709 525 790 559 pag.
816 523 997 548 LXXVIH.
1025 518 1047 533 ‘⁶
1064 514 1174 558 Apud
1200 515 1365 549 Castrum
1392 514 1551 548 Lenense
1576 514 1725 549 habetur

342 571 597 604 monasterium
615 571 876 612 canonicorum,
894 571 956 605 ubi
979 570 1129 606 Sanctus
1155 572 1304 616 quiescit
1327 571 1538 618 Vu1gan1us,
1562 572 1623 616 qui
1646 572 1725 606 Sco-

341 633 400 661 tus
418 627 574 662 traditur
590 627 786 662 extitisse.”

669 742 706 777 S.
734 742 1035 784 WALTENUS,
1063 742 1109 778 E.
1135 743 1182 778 R.
1209 744 1250 778 F.
1306 743 1409 782 1169.

343 859 379 892 S.
398 857 654 898 VVALT-ENUS,
679 863 753 899 aut,
779 863 820 892 ut
843 858 950 892 habet
975 857 1202 898 Hovedenus,
1228 858 1435 899 WValdenus,
1462 859 1649 894 canonicus
1672 871 1725 894 re-

343 915 490 961 gularis,
522 920 600 949 tum
632 916 827 950 monachus
853 915 1108 955 cisterciensis,
1134 926 1217 949 mox
1243 916 1349 949 abbas
1376 915 1574 956 Melrosiae,
1600 917 1725 950 deinde

343 973 626 1017 archiepiscopus
644 972 879 1007 Eboracensis
896 973 1061 1006 canonice
1084 974 1225 1013 electus,
1250 973 1391 1007 demum
1413 973 1448 1007 S.
1467 972 1631 1007 Andreae
1653 975 1725 1018 epi-

342 1041 469 1075 scopus
495 1030 736 1069 renunciatus,
762 1030 853 1064 miro
879 1030 1099 1074 paupertatis
1125 1034 1209 1064 voto
1232 1031 1357 1064 mitrae
1383 1031 1536 1074 quietem
1560 1031 1726 1065 monasti-

343 1099 420 1122 cam
443 1088 624 1132 praetulit,
648 1093 684 1121 et
707 1088 821 1133 digito
845 1092 990 1121 extenso
1013 1087 1128 1120 locum
1153 1088 1353 1130 sepulturae
1376 1087 1544 1126 indicans,
1562 1088 1647 1120 haec
1663 1092 1726 1126 est,

345 1145 472 1190 inquit,
491 1145 629 1188 requies
648 1155 736 1184 mea,
754 1149 796 1178 ut
814 1143 976 1184 Jocelini,
995 1144 1157 1177 monachi
1176 1144 1348 1183 Fornesii,
1372 1144 1480 1177 verba
1496 1155 1674 1188 usurpem,
1692 1149 1724 1178 et

344 1203 450 1236 latius
468 1202 506 1235 in
524 1201 786 1235 Scotichronico
803 1201 864 1235 lib.
886 1209 940 1234 VI.
959 1211 1033 1244 cap.
1054 1209 1171 1234 XXIV.
1223 1200 1371 1245 Scripsit

492 1258 546 1292 De
564 1258 721 1292 Claustri
738 1257 841 1292 Bono
1019 1258 1081 1292 lib.
1101 1267 1125 1291 1.
1187 1257 1465 1304 Evangeliorum
1484 1258 1605 1292 Flores
1622 1258 1682 1292 lib.
1703 1267 1726 1290 1.

493 1315 704 1350 Sanctorum
721 1316 879 1360 plurium
897 1314 1001 1350 Vitas
1018 1314 1079 1349 lib.
1100 1323 1124 1348 Ι.

396 1373 534 1408 Floruit
558 1378 594 1407 et
612 1372 701 1407 obiit
718 1383 811 1406 anno
831 1380 961 1406 MeXL.
1004 1372 1239 1416 Sepulchrum
1256 1382 1340 1406 vero
1356 1377 1570 1417 aperuerunt
1593 1372 1727 1419 Angel-

345 1442 465 1465 ramus
483 1434 519 1464 et
535 1434 690 1475 quatuor
706 1429 861 1469 abbates,
880 1432 915 1463 et
933 1440 1058 1473 corpus
1076 1434 1255 1474 repertum
1274 1434 1327 1463 est
1349 1430 1540 1476 integrum,
1562 1435 1598 1464 et
1621 1431 1727 1464 vesti-

347 1493 466 1522 menta
483 1487 627 1527 intacta,
645 1491 687 1521 ut
704 1487 864 1532 loquitur
881 1485 1167 1534 Scotichronicon
1180 1487 1240 1521 lib.
1255 1495 1327 1521 vn.
1342 1498 1417 1531 cap.
1433 1495 1500 1520 XV.
1539 1487 1582 1521 Id
1595 1487 1726 1521 factum

348 1555 422 1580 XII.
441 1551 522 1590 post
539 1544 677 1579 obitum
694 1555 799 1585 anno,
817 1553 876 1578 XI.
894 1544 1025 1578 calend.
1047 1543 1170 1584 Junii;
1198 1544 1414 1578 obdormivit
1431 1554 1514 1578 vero
1532 1553 1592 1577 111.
1617 1554 1727 1577 nonas

347 1603 518 1649 Augusti.
562 1600 849 1636 Scotichronicon
866 1601 957 1635 libro
973 1601 1118 1635 laudato
1135 1612 1210 1645 cap.
1229 1609 1375 1634 XXXIV.
1428 1600 1597 1634 Hoveden
1615 1611 1729 1634 exces-

347 1661 433 1694 sisse
451 1660 501 1694 ait
520 1668 574 1693 1v.
594 1670 705 1693 nonas
723 1658 883 1705 Augusti
901 1669 994 1692 anno
1014 1667 1159 1692 MCLIX.
1177 1669 1258 1703 pag.
1277 1666 1474 1691 ceLxxxr.

660 1771 696 1806 S.
723 1771 984 1806 VIRGNOUS
1008 1770 1260 1805 EREMITA.
1315 1773 1418 1807 1170.

351 1896 370 1909 ‘⁶
386 1890 421 1924 S.
440 1888 657 1923 VIRGNOUS
674 1887 806 1921 multos
824 1896 935 1920 annos
952 1884 1305 1930 irreprehensibiliter
1322 1885 1360 1918 in
1376 1884 1591 1930 subjectione
1608 1884 1644 1919 S.
1664 1884 1729 1918 Co·-

350 1947 488 1981 lumbae
506 1945 711 1991 transegit,’'
729 1944 781 1978 ait
798 1942 833 1977 S.
849 1942 1082 1976 Adamannus
1096 1942 1133 1975 in
1149 1941 1232 1976 Vita
1246 1941 1278 1975 S.
1297 1941 1487 1976 Columbae
1503 1941 1563 1975 lib.
1577 1950 1638 1975 111.
1651 1952 1725 1985 cap.

351 2013 470 2038 XXXI.
498 2007 519 2022 “
537 2007 615 2036 tum
641 2001 826 2036 duodecim
852 2000 955 2034 annis
981 1999 1259 2033 anachoreticam
1284 1999 1395 2033 vitam
1419 1999 1522 2033 duxit
1547 1999 1586 2032 in
1611 1998 1729 2032 Miux-

351 2063 510 2095 bulcmar
523 2060 554 2100 ;”
572 2070 636 2093 nec
653 2059 695 2092 de
712 2059 774 2092 illo
792 2058 875 2092 alibi
894 2057 1093 2102 quicquam.
1144 2055 1292 2100 Scripsit

464 2117 647 2152 Visionem
665 2116 708 2149 de
726 2115 844 2149 Morte
861 2113 897 2148 S.
916 2113 1118 2154 Columbae,
1136 2113 1297 2160 magistri
1315 2118 1351 2147 et
1368 2113 1519 2147 doctoris
1537 2113 1603 2153 sui,
1621 2113 1681 2147 lib.
1702 2123 1725 2147 1.

402 2175 543 2209 Floruit
563 2185 656 2208 anno
678 2181 788 2207 DCVI.
840 2170 1089 2216 Martyrologii
1117 2171 1246 2206 tabulis
1277 2171 1450 2215 ascriptus
1477 2181 1548 2205 non
1579 2175 1643 2210 est,
1670 2172 1728 2205 sed

353 2232 478 2267 celebri
497 2232 595 2266 cultu
612 2241 694 2265 eum
711 2233 886 2265 nostrates
903 2228 1033 2262 colunt.
