2118 2854
307 318 369 348 :348
686 315 918 349 HISTORIA
943 315 1316 349 ECCLESIASTICA

310 423 394 451 sem,
413 416 454 445 ut
471 410 538 446 sibi
557 411 756 452 scriberem,
776 415 900 445 utrum
911 410 1089 445 Dominus
1108 411 1307 451 Hervaeus,
1322 410 1507 455 episcopus
1520 411 1697 446 Bancoro-

308 470 437 508 nensis,
449 473 567 514 posset
578 469 747 503 constitui
759 468 993 513 episcopusin
1004 469 1147 502 ecclesia
1158 467 1390 502 Luxoviensi.
1419 468 1498 502 Hoc
1510 470 1634 514 utique
1649 469 1698 504 fa-

308 527 371 560 cile
390 526 465 560 fieri
483 538 555 560 non
573 526 746 571 intelligo.
798 525 898 560 Sicut
915 526 1008 560 enim
1027 527 1147 560 nullus
1166 526 1350 570 episcopus
1369 527 1499 560 sacrari
1518 527 1621 561 debet
1636 528 1698 561 ali-

308 585 410 629 cujus
440 584 603 618 ecclesiae
638 584 714 617 sine
744 594 917 618 consensu
945 588 980 617 et
1008 583 1154 617 consilio
1183 583 1449 627 archiepiscopi,
1484 588 1520 617 et
1546 584 1699 618 aliorum

307 643 551 686 episcoporum
582 642 693 675 totius
724 641 950 685 provinciae;
987 641 1039 675 ita
1069 641 1131 685 qui
1163 644 1387 674 consecratus
1418 646 1470 675 est
1502 642 1698 686 episcopus,

307 711 378 733 11011
407 704 524 743 potest
550 699 719 733 constitui
745 699 783 732 in
810 699 879 732 alia
904 697 1089 742 provincia
1116 698 1300 742 episcopus
1327 699 1492 732 canonice
1517 699 1592 732 sine
1618 710 1700 733 con-

306 758 385 791 silio
403 762 438 791 et
456 768 601 790 assensu
619 756 882 800 archiepiscopi,
901 760 937 789 et
955 755 1199 799 episcoporum
1219 755 1379 800 ejusdem
1396 756 1600 799 provinciae
1618 768 1698 790 cum

305 814 497 858 apostolica
526 814 728 853 autoritate,
759 823 823 846 nec
853 813 929 846 sine
959 811 1181 845 absolutione
1211 812 1467 857 archiepiscopi
1496 820 1532 848 et
1567 815 1698 858 episco-

304 883 442 915 porum,
462 871 498 904 in
516 882 587 915 qua
604 874 763 904 sacratus
782 874 854 910 est;
873 880 964 913 quae
982 868 1159 902 absolutio
1177 868 1251 902 fieri
1271 869 1397 913 nequit
1415 870 1492 903 sine
1509 881 1640 915 magna
1663 879 1697 905 et

304 929 482 962 communi
500 927 780 961 consideratione
798 931 834 960 et
852 927 998 960 consilio
1016 937 1150 967 eorum,
1171 926 1247 960 sine
1271 926 1401 970 quibus
1426 929 1633 968 consecrari,
1657 933 1699 962 ut

304 986 388 1025 dixi,
403 997 473 1019 non
487 985 610 1029 possit.
647 984 884 1028 Omnipotens
901 983 1000 1017 Deus
1019 983 1152 1030 dirigat
1166 995 1229 1018 vos
1243 984 1282 1017 in
1299 984 1365 1017 hac
1383 988 1418 1018 et
1435 984 1474 1018 111
1491 985 1570 1019 aliis
1589 985 1698 1019 actio-

302 1043 407 1076 nibus
428 1043 567 1076 vestris.
619 1041 770 1076 Amen.’'
822 1041 921 1075 Haec
938 1041 981 1074 de
998 1041 1060 1074 illo
1077 1041 1122 1074 ab
1146 1039 1330 1081 Anselmo,
1355 1041 1418 1086 qui
1441 1041 1524 1076 licet
1546 1043 1700 1076 transla-

302 1100 391 1134 tioni
418 1100 530 1144 ipsius
559 1099 741 1134 videretur
768 1098 960 1139 adversari,
992 1102 1113 1132 tamen
1142 1109 1207 1132 rex
1235 1110 1317 1133 eum
1345 1099 1542 1133 consecrari
1571 1101 1697 1134 voluit.

302 1157 440 1191 Auctor
458 1157 637 1192 Robertus
655 1156 830 1191 Coenalis.

353 1214 396 1248 In
413 1215 562 1259 epistola
579 1215 641 1248 illa
657 1214 869 1248 manifestus
887 1226 1007 1256 error3
1026 1227 1110 1249 nam
1129 1215 1274 1250 ecclesia
1291 1215 1531 1250 Luxoviensis
1550 1216 1696 1250 celebris

302 1273 340 1306 iu
368 1270 581 1318 Burgundia
609 1272 747 1306 abbatis
779 1276 842 1311 est,
862 1283 883 1305 a
913 1271 949 1305 S.
976 1269 1197 1307 Columbano
1224 1273 1339 1313 Scoto,
1367 1277 1408 1307 ut
1434 1273 1521 1313 dixi,
1548 1278 1696 1313 structa,

302 1341 391 1374 quae
410 1334 445 1363 et
463 1329 677 1363 Lussedium
696 1333 844 1363 vocatur
861 1341 883 1362 a
900 1334 1042 1364 vetusto
1060 1331 1232 1374 scriptore
1250 1331 1287 1364 in
1304 1329 1393 1364 Vita
1416 1330 1452 1364 S.
1472 1329 1597 1377 Eligii,
1624 1330 1698 1364 No-

301 1388 409 1421 viom.
429 1387 611 1431 Episcopi,
630 1387 690 1421 lib.
704 1395 745 1421 X.
757 1398 833 1430 cap.
850 1396 936 1420 XXI.
974 1386 1145 1421 Producit
1158 1387 1284 1421 Surius
1299 1391 1385 1422 tom.
1401 1396 1456 1421 VI.
1496 1387 1695 1422 Lexovien-

301 1446 349 1479 sis
379 1446 477 1479 sedes
508 1446 546 1478 in
574 1444 773 1478 Normania
799 1444 1083 1490 Rothomagensi
1110 1444 1359 1490 suffraganea:
1392 1449 1428 1479 et
1456 1450 1576 1480 tamen
1602 1446 1696 1480 idem

302 1516 401 1539 error
417 1505 456 1538 in
475 1503 585 1538 Ivone
604 1503 817 1538 Carnotensi
836 1504 987 1548 epistola
1007 1511 1122 1536 CLIII.
1150 1502 1194 1536 ad
1218 1501 1421 1536 Gilbertum
1441 1502 1695 1537 Ebroicensem

302 1562 488 1596 comitem:
516 1566 537 1580 “
556 1561 661 1600 Quod
679 1561 721 1595 de
745 1561 968 1595 Luxoviensi
987 1559 1132 1594 ecclesia
1150 1559 1237 1593 bene
1256 1560 1492 1604 incoepistis.''
1537 1560 1696 1606 Corrige,

304 1624 324 1638 ‘⁶
342 1619 385 1653 de
403 1619 618 1653 Lexoviensi
636 1619 813 1653 ecclesia.'‘
865 1618 965 1652 Idem
984 1618 1116 1652 iterum
1134 1617 1236 1661 epist.
1264 1626 1372 1651 CLIV.
1394 1622 1415 1637 “
1432 1617 1697 1652 Luxoviensem

303 1677 482 1711 ecclesiam
501 1687 565 1720 per
582 1676 789 1710 violentiam
808 1675 954 1722 Anglici
980 1675 1076 1721 regis
1102 1675 1281 1715 invadat,'’
1309 1675 1431 1709 eodem
1458 1676 1564 1709 modo
1590 1676 1698 1710 corri-

302 1735 469 1780 gendum.
521 1733 571 1768 Et
590 1745 665 1778 cap.
685 1743 810 1768 CLVII.
838 1739 859 1753 “
878 1733 922 1767 In
946 1733 1090 1767 ecclesia
1113 1732 1334 1767 Luxoviensi
1358 1733 1555 1777 paternitas
1580 1737 1699 1767 vestra

303 1802 511 1837 cognoscere
529 1792 692 1836 poterit.'’
744 1791 860 1826 Totus
878 1795 1065 1825 contextus
1084 1790 1264 1824 convincit
1287 1790 1330 1823 de
1354 1790 1569 1824 Lexoviensi
1594 1790 1698 1824 intel-

304 1850 497 1895 ligendum.
533 1849 602 1883 Sed
616 1854 652 1883 et
665 1849 760 1893 apud
773 1848 923 1882 Petrum
936 1846 1185 1882 Venerabilem
1201 1851 1223 1867 “
1234 1848 1419 1892 episcopus
1438 1847 1697 1882 Luxoviensis”

303 1907 469 1940 mendose
480 1907 650 1951 scriptum
666 1910 768 1940 notat
782 1905 993 1940 Franciscus
1007 1904 1030 1938 J
1032 1909 1168 1939 uretus.
1208 1905 1393 1945 Quantum
1409 1905 1578 1950 temporis
1593 1905 1697 1939 eccle-

305 1964 393 1998 siam
412 1965 555 2005 rexerit,
575 1975 647 1997 non
666 1963 893 2008 deprehendi,
912 1974 1026 2007 neque
1044 1962 1105 1996 ubi
1124 1963 1262 1997 obierit.
1315 1962 1465 2007 Scripsit

452 2021 635 2066 Epistolas
654 2021 699 2055 ad
718 2020 915 2054 Henricum
935 2019 1070 2066 Regem
1089 2018 1245 2066 Angliae
1394 2019 1455 2054 lib.
1477 2029 1501 2053 1.

354 2079 494 2113 Floruit
513 2090 605 2113 anno
625 2087 700 2112 Mx.

641 2176 874 2212 JOANNES
902 2176 1227 2212 HEPBURNUS.
1280 2176 1364 2212 661.

305 2258 326 2272 “
343 2252 365 2286 J
370 2260 534 2286 OANNES
554 2251 784 2296 Hepburnus,
814 2252 851 2287 S.
869 2252 1036 2287 Andreae
1059 2253 1158 2297 prior
1184 2254 1298 2287 multo
1324 2252 1566 2298 dignissimus,
1594 2252 1697 2296 cujus

305 2310 426 2344 civiles
444 2320 499 2343 res
517 2315 636 2355 gestae
655 2313 762 2354 atque
779 2320 897 2344 sacrae
915 2310 1044 2356 dignae
1062 2315 1157 2350 sunt,
1186 2321 1275 2355 quas
1301 2309 1483 2354 perpetuis
1507 2309 1697 2353 posteritas

305 2368 452 2401 extollat
484 2366 679 2406 laudibus,”
710 2366 761 2401 ait
788 2366 894 2401 Hect.
920 2367 1095 2402 Boethius
1122 2367 1183 2401 lib.
1212 2376 1296 2400 XV1.
1326 2366 1465 2401 Histor.
1493 2365 1586 2401 Scot.
1614 2377 1696 2412 pag.

305 2432 537 2460 cecxxxnl.
590 2423 739 2459 Parisiis
752 2424 898 2471 juvenis
916 2425 1114 2466 studuerat,
1133 2429 1168 2460 et
1186 2424 1376 2469 scripserat
