2060 2848
646 306 821 340 GENTIS
846 306 1120 345 SCOTORUM,
1144 307 1232 338 LIB.
1259 308 1321 339 XI.
1618 308 1680 338 445

345 402 444 436 Obiit
462 400 686 435 Aberdoniae
703 401 741 434 in
760 399 877 434 Scotia
895 412 987 434 anno
1009 408 1191 434 MDexm.

532 513 715 548 GEORG.
741 513 1003 548 ARCHANG.
1031 513 1305 548 LESLAEUS.
1358 515 1440 547 825.

296 628 507 663 GEORGIUS
531 628 776 675 Archangelus
802 628 969 663 Leslaeus
999 629 1037 662 in
1064 629 1144 673 ipso
1176 629 1429 662 adolescentiae
1464 627 1550 662 flore
1580 628 1679 662 habi-

296 691 372 720 tum
390 685 436 720 D.
456 686 635 719 Francisci
653 685 853 730 Capucinus
873 686 990 720 induit
1006 687 1044 719 in
1062 685 1249 725 Flaminia,
1276 696 1316 719 ac
1342 696 1423 719 rara
1449 685 1675 724 continentia,

296 754 360 777 nec
378 743 512 777 minore
530 743 671 787 pietate,
691 743 838 777 verbum
852 743 919 776 Dei
935 742 1108 777 facundus
1123 742 1347 776 concionator
1361 742 1518 776 nunciat.
1563 741 1678 786 Scrip-

299 801 357 839 sit,
376 805 411 834 et
430 801 577 845 vulgare
595 804 709 843 parat,

444 856 498 890 De
518 857 697 890 Potestate
716 856 832 901 Papae
849 857 887 890 in
906 856 1087 900 Principes
1105 857 1277 890 seculares
1295 857 1428 890 directa
1447 856 1531 890 Tra.
1553 865 1595 889 11.

348 913 450 949 Vivit
468 914 593 953 adhuc,
613 917 649 947 et
674 913 825 959 insignis
847 914 946 947 verbi
970 913 1083 946 divini
1106 924 1242 958 praeco,
1266 913 1419 957 patriam
1443 924 1543 947 suam
1570 917 1610 947 ut
1637 913 1680 946 ab

299 971 433 1005 haeresi
453 970 646 1010 abstrahat,
664 971 759 1004 domi
777 970 973 1004 indefessus
991 970 1131 1004 nititur.

590 1083 931 1119 HIERONYMUS
957 1083 1252 1118 LINDSAYUS.
1306 1083 1387 1118 826.

300 1199 586 1232 HOERONYMUS
612 1198 826 1243 Lindsayus,
853 1199 991 1233 comitis
1017 1198 1248 1233 Craufordiae
1265 1198 1386 1238 frater,
1408 1200 1608 1242 praeclarus
1633 1201 1679 1233 le-

299 1266 385 1301 gum
402 1255 533 1294 doctor,
548 1254 634 1288 Divi
646 1254 825 1289 Francisci
842 1255 1004 1289 habitum
1018 1256 1146 1296 induit,
1160 1262 1196 1290 et
1209 1255 1374 1289 fundavit
1388 1256 1519 1290 celebre
1534 1267 1680 1290 suorum

300 1311 553 1346 monasterium
572 1311 734 1351 Perthae‚
754 1312 948 1356 Oliphanto
966 1313 1092 1347 comite
1105 1314 1196 1348 mira
1210 1313 1396 1347 devotione
1410 1312 1585 1356 impensas
1600 1314 1681 1347 sub-

300 1369 535 1402 ministrante.
587 1368 735 1412 Scripsit
753 1370 940 1412 permulta,
959 1374 994 1403 et
1010 1370 1048 1403 in
1065 1370 1132 1409 his,

445 1425 499 1458 De
516 1424 655 1470 Legum
672 1426 899 1470 antiquarum
917 1425 1158 1472 Abrogatione
1303 1426 1363 1460 lib.
1384 1435 1407 1459 1.
1461 1426 1557 1460 Utile
1583 1438 1681 1471 opus,

498 1482 548 1515 ait
565 1481 589 1514 J
590 1482 754 1516 ordanus.

447 1538 501 1572 De
519 1538 763 1584 Regularitate
1308 1539 1367 1573 lib.
1388 1549 1412 1573 1.

448 1595 502 1629 De
520 1594 567 1629 Vi
585 1593 971 1631 Excommunicationis
1307 1596 1366 1630 lib.
1387 1606 1412 1630 1.

350 1652 515 1686 Florebat
532 1663 625 1686 anno
645 1661 853 1686 MCCCCLII.
904 1653 1072 1688 Meminit
1094 1659 1130 1688 et
1152 1653 1361 1688 Franciscus
1388 1653 1557 1700 Gonzaga
1581 1656 1680 1701 Orig.

300 1709 445 1753 Seraph.
466 1709 643 1755 Religion.
662 1714 763 1753 parte
783 1718 841 1743 111.
861 1721 941 1756 pag.
962 1718 1186 1744 Deccxxlx.

678 1822 899 1857 JACOBUS
924 1823 1170 1858 LOGANUS.
1222 1827 1303 1861 827.

305 1937 363 1970 U'r
382 1947 504 1970 verum
523 1938 569 1971 sit
587 1947 668 1970 eum
692 1938 803 1971 multa
828 1937 1019 1981 scripsisse,
1042 1949 1107 1984 ego
1131 1938 1220 1972 nihil
1244 1939 1317 1972 vidi
1341 1945 1479 1984 praeter
1505 1942 1677 1986 epigram-

302 1999 398 2028 mata
415 1993 588 2037 quaedam
607 1993 682 2039 regi
701 1994 744 2027 ad
763 1993 884 2028 Scotos
902 2005 984 2028 suos
1001 1995 1163 2028 redeunti
1181 1995 1309 2029 oblata.

756 2214 865 2241 FINIS
885 2215 997 2241 LIBRI
1016 2215 1237 2242 UNDECIMI.

979 2316 999 2340 P
