2060 2848
682 289 856 321 GENTIS
880 288 1156 328 SCOTORUM,
1181 289 1271 323 LIB.
1296 291 1359 323 XI.
1597 336 1607 342 “
1656 292 1717 323 433

330 385 450 428 gulam
469 395 490 418 a
507 383 686 417 monachis
705 383 749 416 ad
767 383 944 427 praesules
963 381 1156 417 transtulit.
1209 383 1358 428 Scripsit
1376 383 1561 430 Lugadius

477 439 681 473 Doctrinale
700 439 960 473 Monachorum
1218 441 1279 474 lib.
1300 449 1325 474 1.

477 496 619 530 Laudes
637 496 867 541 Paupertatis
1216 498 1277 531 lib.
1298 507 1323 531 Ι.

477 553 654 600 Regulam
672 554 717 587 ad
734 565 816 587 suos
1215 554 1276 588 lib.
1298 564 1323 588 1.

378 611 569 655 Depositus
587 615 640 645 est
657 611 783 645 ultimo
801 611 899 645 senio
912 622 1005 645 anno
1021 620 1178 645 Dcxxx.
1215 611 1354 646 Colitur
1367 612 1424 645 die
1438 620 1544 646 xux.
1560 612 1595 646 N
1597 623 1714 646 ovem-

330 669 413 709 bris,
434 673 474 703 ut
491 669 671 702 nundinae
689 668 793 702 fidem
810 667 956 702 faciunt.

821 781 857 816 S.
884 781 1093 817 LULLUS.
1146 785 1228 822 799.

329 897 363 930 S.
383 897 560 938 LULLUS,
579 898 664 937 sive,
682 900 723 930 ut
741 896 847 930 habet
871 895 1068 931 Krantzius
1091 897 1221 932 Saxon.
1246 897 1306 932 lib.
1333 906 1376 932 11.
1400 909 1475 943 cap.
1501 907 1569 932 XV.
1597 898 1713 938 Lusso,

329 954 610 998 archiepiscopus
645 953 892 999 MoguntinuS‚
927 953 963 986 S.
995 953 1172 988 Bonifacii
1203 966 1394 995 successor,
1431 967 1474 989 ex
1510 955 1635 990 abbate
1671 956 1713 989 de

330 1011 522 1045 Illininster
540 1012 577 1044 in
597 1010 750 1044 Boiaria.
803 1009 989 1043 Educatus
1014 1010 1052 1043 in
1077 1010 1222 1056 Anglia,
1249 1016 1290 1045 ut
1315 1013 1420 1046 multi
1446 1013 1506 1046 alii
1532 1024 1572 1046 eo
1597 1013 1714 1046 seculo

327 1069 438 1102 sancti
453 1068 547 1102 Scoti
561 1081 571 1110 3
592 1078 701 1112 quare
714 1067 753 1100 in
767 1066 1027 1112 Martyrologio
1046 1067 1208 1102 Romano
1225 1067 1367 1114 Anglus
1385 1073 1543 1108 vocatur,
1557 1070 1653 1114 quod
1670 1069 1713 1102 de

326 1126 591 1159 conversatione
610 1129 663 1158 est
680 1123 950 1169 intelligendum
967 1134 976 1164 ;
1003 1135 1086 1157 nam
1104 1123 1229 1158 Scotus
1249 1129 1342 1165 ortu,
1369 1137 1409 1159 ac
1434 1130 1577 1160 sanctus
1603 1126 1712 1159 Boni-

325 1182 408 1216 facii
434 1182 716 1228 consanguineus
742 1181 786 1214 ab
812 1180 970 1215 Othlono
996 1180 1166 1214 Fuldensi
1192 1186 1349 1222 vocatur,
1376 1181 1463 1216 Vita
1480 1182 1515 1216 S.
1535 1182 1712 1216 Bonifacii

326 1250 401 1283 cap.
422 1248 523 1272 xxx.
551 1239 676 1272 deinde
693 1238 732 1271 in
749 1237 1010 1272 Scotichronico
1029 1238 1078 1271 sic
1094 1238 1246 1272 habetur
1263 1239 1305 1272 de
1323 1238 1452 1273 Sancto
1470 1239 1576 1274 Lullo
1595 1239 1710 1278 Scoto,

328 1296 363 1330 S.
384 1296 560 1331 Bonifacii
578 1296 675 1330 Scoti
693 1305 890 1329 successore
906 1305 915 1327 ε

624 1389 758 1417 Antistes
773 1387 888 1422 Lullus,
902 1398 958 1426 quo
971 1398 1028 1416 non
1042 1394 1086 1417 est
1100 1389 1224 1418 sanctior
1238 1389 1326 1423 ullus,

626 1435 762 1464 Occurrit
775 1435 889 1468 morbis,
905 1440 938 1463 ut
952 1440 1030 1464 totus
1043 1435 1189 1474 praedicat
1203 1436 1286 1465 orbis.

376 1528 447 1567 Qui
464 1528 568 1571 plura
586 1526 697 1570 cupis,
715 1525 773 1559 adi
799 1525 844 1558 ad
870 1524 1015 1558 Surium
1041 1530 1126 1559 tom.
1145 1535 1183 1559 v.
1211 1525 1273 1570 qui
1301 1526 1411 1560 vitam
1437 1527 1514 1572 ejus
1540 1526 1642 1561 affert
1667 1538 1710 1561 ex

325 1585 512 1619 Breviario
531 1583 757 1628 Mogunfino,
783 1581 1011 1615 vincentium
1032 1582 1070 1616 in
1088 1581 1236 1626 Speculo
1256 1583 1317 1617 lib.
1337 1592 1459 1616 xxnl.
1485 1595 1560 1628 cap.
1586 1592 1709 1617 eLvn.

326 1642 574 1676 Hermannum
604 1640 849 1679 contractum,
881 1638 1133 1679 Trithemium,
1161 1646 1195 1674 et
1221 1641 1319 1674 alios.
1371 1640 1511 1685 Scripta
1535 1642 1710 1676 habentur

327 1700 421 1743 apud
439 1699 612 1732 Pitseum.

373 1756 522 1789 Creatus
540 1755 688 1788 antistes
706 1765 798 1788 anno
817 1761 962 1788 DCCLV.
981 1753 1160 1798 depositus
1179 1759 1232 1788 est
1250 1765 1342 1788 anno
1361 1763 1601 1788 Dcexxevn.
1643 1755 1710 1789 Co-

326 1813 412 1847 litur
429 1813 485 1845 die
504 1820 589 1845 XVI.
608 1810 783 1845 Octobris.
837 1810 969 1843 Omnes
987 1810 1176 1857 hagiologi.

815 1924 851 1958 S.
879 1923 1081 1957 LUPITA.
1135 1926 1215 1959 800.

325 2041 360 2075 S.
380 2041 550 2080 LUPITA,
569 2040 671 2085 virgo
690 2039 803 2078 Scota,
822 2038 908 2072 Divi
926 2037 1072 2072 Patricii
1090 2038 1196 2078 Scoti,
1215 2039 1364 2083 apostoli
1384 2038 1589 2080 Hiberniae,
1608 2051 1707 2074 soror

324 2099 476 2137 uterina,
503 2097 648 2131 fratrem
676 2107 780 2130 suum
806 2095 851 2129 ad
881 2095 1120 2140 evangelicum
1154 2106 1241 2139 opus
1272 2095 1548 2139 proficiscentem
1575 2103 1705 2136 secuta,

323 2166 534 2201 magnorum
553 2154 710 2188 laborum
730 2153 903 2196 particeps
922 2152 1044 2191 evasit,
1071 2157 1105 2185 et
1131 2153 1168 2185 in
1194 2153 1359 2186 divorum
1383 2153 1501 2187 album
1525 2155 1637 2188 relata
1663 2154 1707 2187 ab

322 2217 473 2256 utraque
491 2216 595 2257 gente
613 2211 751 2244 colitur.
796 2209 819 2242 J
821 2209 974 2243 ocelinus
993 2209 1035 2242 de
1054 2209 1175 2243 Furno
1193 2210 1231 2243 in
1250 2209 1336 2244 Vita
1354 2209 1389 2244 S.
1409 2210 1555 2245 Patricii
1574 2222 1648 2255 cap.
1670 2219 1705 2244 L.

323 2274 357 2303 et
376 2270 436 2303 alii
455 2274 625 2302 auctores.

372 2326 511 2360 Claruit
530 2336 622 2359 anno
642 2333 797 2358 CDXCH.
849 2323 934 2357 Dies
954 2324 1069 2357 cultus
1088 2323 1254 2358 incertus.
