2060 2848
709 255 884 289 GENTIS
909 256 1183 299 SCOTORUM,
1207 260 1296 293 LIB.
1320 261 1421 294 XIX.
1695 264 1757 296 663

373 348 583 382 tenuitatem
613 354 861 394 comparasset,
887 351 931 384 ad
954 351 1098 387 domum
1125 353 1161 388 S.
1188 353 1312 389 Crucis
1337 365 1409 389 non
1433 356 1561 400 puduit
1585 367 1749 398 remeare,

373 405 491 449 inquit
514 404 802 440 Scotichrom'con
824 406 885 441 lib.
911 411 967 442 IX.
992 419 1066 453 cap.
1092 418 1205 444 XLVI.
1231 415 1267 446 et
1288 422 1369 447 cum
1390 417 1569 456 peteretur
1594 424 1655 448 cur
1680 425 1752 449 ere-

374 473 471 496 mum
489 463 701 508 reliquisset,
721 464 904 508 respondit
920 464 976 498 his
994 466 1155 501 versibus
1170 476 1179 502 ι

633 550 715 587 Quid
728 551 830 581 faciam
843 562 909 581 cum
923 552 1018 582 nudus
1032 563 1095 583 eam
1105 555 1118 582 ?
1139 553 1205 582 Jam
1219 554 1355 593 praeterit
1368 561 1477 585 aestas:

634 598 683 628 Ad
696 599 802 638 patrios
817 609 943 629 remeare
956 600 1030 630 lares
1044 610 1090 630 me
1103 600 1179 639 cogit
1192 606 1311 640 egestas.

419 689 507 723 Fuit
524 689 582 723 vir
597 690 871 731 eruditissimus,
888 696 924 726 et
940 691 1055 726 multa
1072 691 1223 736 posteris
1240 693 1384 737 reliquit
1401 693 1535 740 ingenii
1549 705 1753 730 monumen-

370 751 416 786 ta,
435 746 588 780 maxime
608 757 692 782 vero
709 747 905 794 theologica
922 749 1181 783 mathematicis
1206 750 1435 795 temperabat,
1458 762 1521 786 nec
1538 752 1752 797 juvenilium

370 804 568 838 studiorum
587 804 872 842 obliviscebatur.
925 805 1040 840 Tituli
1059 811 1153 847 sunt,

518 860 687 896 Carmina
704 863 804 897 varia
1258 864 1318 899 lib.
1338 874 1364 899 1.

516 917 571 952 De
590 918 806 965 Horoscopis
824 921 1025 967 digerendis
1256 922 1317 956 lib.
1338 931 1363 956 1.

517 974 572 1010 De
589 975 811 1011 Divinatrice
829 976 1014 1012 Facultate
1258 979 1318 1013 lib.
1340 988 1364 1014 1.

518 1032 574 1066 De
591 1033 690 1067 Malo
710 1033 876 1068 Haeresis
894 1039 930 1068 et
946 1033 1153 1069 Schismatis
1258 1036 1319 1070 lib.
1339 1045 1364 1070 1.

417 1089 549 1124 Curam
568 1090 732 1135 deposuit
748 1092 954 1126 monasterii
972 1103 1065 1127 anno
1085 1100 1304 1126 mccxxvn.

797 1197 1088 1241 WAL'DENUS
1113 1205 1166 1239 M.
1220 1207 1325 1240 1183.

369 1320 615 1354 XVALDENUS
633 1324 822 1365 postquam
845 1320 941 1365 apud
965 1331 1048 1355 suos
1070 1320 1232 1367 ingentes
1255 1319 1433 1364 profectus
1458 1320 1496 1355 in
1519 1321 1618 1356 bonis
1641 1323 1751 1356 literis

371 1377 520 1417 fecisset,
547 1388 591 1411 ne
616 1377 799 1422 quippiam
825 1377 954 1412 studiis
980 1382 1044 1412 aut
1068 1378 1187 1412 animo
1208 1388 1273 1411 suo
1298 1377 1444 1418 deesset,
1473 1378 1656 1412 literariun
1681 1390 1752 1413 em-

374 1435 515 1479 porium
534 1434 691 1469 Parisios
709 1435 823 1479 petiit,
850 1434 911 1468 ubi
937 1434 1071 1481 insigni
1094 1434 1190 1469 fama
1214 1434 1473 1479 philosophiam
1497 1434 1674 1479 professus
1699 1440 1752 1470 est

370 1493 408 1526 in
429 1492 647 1532 Barbarano,
674 1503 715 1526 ac
739 1492 865 1526 deinde
893 1492 1015 1526 doctor
1039 1491 1251 1526 Sorbonicus
1276 1491 1474 1525 studiorum
1501 1492 1645 1526 decurso
1676 1503 1752 1526 cur-

369 1549 480 1583 riculo
503 1549 658 1590 habitus,
682 1549 850 1584 secularis
867 1550 962 1583 vitae
978 1553 1159 1594 pertaesus
1177 1548 1387 1582 monachum
1406 1548 1532 1589 induit,
1558 1554 1593 1584 et
1616 1548 1661 1584 D.
1686 1548 1752 1583 Be-

370 1606 502 1641 nedicti
524 1606 688 1641 habitum
711 1607 906 1651 assumpsit
929 1606 967 1640 in
988 1606 1202 1641 monasterio
1225 1605 1498 1640 celebratissimo
1523 1605 1559 1640 S.
1585 1605 1751 1640 Germani

369 1665 413 1698 ad
443 1675 564 1698 muros
594 1664 705 1704 urbis,
735 1664 797 1698 ubi
828 1664 912 1698 olim
943 1664 1115 1708 templum
1139 1662 1246 1698 Isidis
1276 1666 1362 1703 erat,
1393 1662 1487 1697 unde
1516 1673 1643 1697 nomen
1677 1667 1751 1697 erat

369 1721 507 1755 civitati
533 1721 710 1755 inditum:
736 1720 929 1755 monachus
951 1720 1067 1755 factus
1091 1721 1275 1767 religiosae
1301 1720 1395 1754 vitae
1420 1724 1535 1754 totum
1561 1731 1598 1754 se
1623 1720 1750 1754 manci-

368 1779 479 1823 pavit,
509 1782 544 1812 et
571 1777 609 1811 in
635 1778 756 1822 paucis
781 1777 1089 1822 eloquentissimus
1116 1777 1340 1811 concionator
1368 1777 1491 1817 evasit,
1520 1777 1574 1811 uti
1598 1776 1750 1810 Jacobus

371 1835 548 1874 Breulius,
567 1835 725 1881 ejusdem
743 1834 901 1869 coenobii
918 1833 1108 1879 professus,
1132 1834 1265 1874 scribit,
1288 1833 1489 1878 fateturque
1512 1834 1624 1868 multa
1646 1844 1683 1867 se
1706 1844 1749 1866 ex

370 1892 510 1936 scriptis
529 1892 641 1936 ipsius
659 1891 829 1931 hausisse,
848 1902 938 1936 quae
961 1891 1056 1935 apud
1078 1891 1196 1935 ipsum
1220 1901 1349 1936 magna
1372 1901 1416 1925 ex
1438 1895 1537 1935 parte
1562 1889 1747 1925 servaban-

370 1956 440 1984 tur.
492 1949 549 1984 Ea
566 1954 678 1990 erant,

519 2006 776 2051 Compendium
797 2005 1050 2051 Theologicum
1255 2004 1315 2038 lib.
1336 2013 1360 2037 1.

519 2063 704 2097 Sermones
721 2074 784 2107 per
801 2062 949 2096 Annum
1256 2061 1317 2096 lib.
1337 2070 1364 2095 1.

518 2120 562 2154 In
580 2120 732 2154 minores
751 2119 948 2164 Prophetas
1258 2118 1319 2152 lib.
1338 2126 1412 2152 ΧΠ.

520 2177 575 2211 De
593 2177 762 2211 Coenobii
780 2177 836 2210 sui
853 2175 1081 2222 Antiquitate
1256 2175 1317 2211 lib.
1337 2184 1362 2209 1.

517 2233 637 2268 Dubia
654 2244 697 2268 ex
714 2233 908 2267 Aristotele
1254 2232 1314 2267 lib.
1334 2240 1359 2266 Ι.

422 2292 587 2327 Florebat
605 2302 697 2326 anno
718 2297 939 2325 ,ucccxcnn
