2060 2848
691 274 866 307 GENTIS
891 274 1165 314 SCOTORUM,
1191 275 1280 308 LIB.
1305 276 1437 308 XVIII.
1691 276 1755 308 617

761 423 1125 459 THEODORICUS
1150 425 1203 459 M.
1257 428 1274 459 1
1282 428 1363 460 134.

371 537 666 572 THEODORICUS
682 536 947 578 Benedictinus,
961 542 1193 583 cognomento
1206 537 1343 578 Scotus,
1357 549 1377 572 a
1391 539 1507 582 patria
1519 539 1643 580 indito,
1657 550 1749 574 unus

368 606 411 628 ex
429 594 472 628 iis
490 606 579 639 quos
596 594 698 629 furor
720 594 865 639 tyranni
889 594 1051 628 Eduardi
1074 593 1186 640 Angli
1212 594 1329 629 Scotia
1354 596 1483 642 exegit,
1508 602 1550 630 ut
1575 596 1612 630 in
1638 596 1750 631 Scoti-

366 651 530 685 chronico
547 651 709 692 habetur,
738 651 794 684 vir
816 661 881 685 nec
906 651 1086 685 doctrinae
1112 652 1281 697 vulgaris,
1307 657 1342 686 et
1368 652 1581 686 incredibilis
1607 664 1672 697 pro
1693 654 1748 687 sui

367 709 473 742 seculi
505 709 706 743 conditione
742 708 972 753 eloquentiae,
1004 718 1110 741 versu
1138 707 1252 742 bonus
1283 712 1318 742 et
1347 719 1462 752 prosa,
1493 714 1529 743 et
1557 710 1594 743 in
1622 710 1747 744 studiis

365 776 454 809 quae
472 770 549 799 tum
567 766 720 800 maxime
743 765 912 811 vigebant
937 764 1209 799 versatissimus.
1261 764 1422 810 Scripsit,
1448 770 1489 799 ut
1514 766 1748 801 Scotichroni-

365 833 428 855 con
447 822 611 866 praefert,

509 879 631 913 Vitam
649 879 769 914 Sancti
788 879 829 912 P.
849 878 1031 912 Benedicti
1246 879 1306 913 lib.
1327 888 1351 912 1.
1371 890 1487 913 versu.

513 936 745 982 Theologicas
762 935 1084 970 Determinationes
1249 936 1308 969 lib.
1329 945 1353 969 1.

510 992 723 1032 Quodlibeta
1250 992 1309 1026 lib.
1330 1002 1354 1027 1.
1407 992 1538 1027 Divina
1555 994 1708 1028 scientia.

509 1049 691 1093 Epistulas
709 1050 751 1083 ad
771 1049 965 1094 Populares
1246 1049 1306 1083 lib.
1327 1058 1351 1082 1.

413 1106 514 1140 Vixit
533 1117 625 1140 anno
645 1114 827 1140 Meccxx.

699 1219 857 1254 SIMON
884 1220 1176 1255 TAILLERUS
1202 1220 1253 1254 M.
1307 1222 1412 1254 1135.

362 1336 497 1369 SIMON
517 1335 705 1375 Taillerus,
726 1345 819 1368 unus
837 1346 881 1368 ex
905 1340 1038 1379 septem
1062 1334 1232 1368 fratribus
1254 1345 1342 1379 quos
1368 1335 1443 1379 ipse
1468 1335 1504 1369 S.
1531 1335 1741 1370 Dominicus

362 1392 436 1437 regi
455 1391 592 1426 Scotiae
610 1392 647 1425 in
664 1391 776 1425 Gallis
799 1392 918 1437 agenti
942 1391 1213 1431 commendavit,
1239 1391 1371 1435 quique
1397 1391 1621 1426 Dominicani
1647 1395 1741 1437 apud

361 1450 482 1483 scotos
501 1449 659 1482 instituti
676 1448 882 1482 fundatores
900 1453 1012 1487 erant,
1039 1448 1237 1482 arctissimo
1259 1459 1354 1482 nexu
1380 1448 1553 1483 Clementi
1573 1449 1743 1484 Dumblzi-

361 1506 460 1539 nensi
491 1506 653 1549 episcopo
683 1506 828 1539 virtutis
857 1506 984 1539 merito
1014 1505 1235 1550 conjunctus,
1261 1511 1302 1539 ut
1333 1515 1376 1538 ex
1407 1504 1569 1539 Historia
1599 1505 1740 1551 Georgii

360 1562 519 1596 Neutoni
537 1562 672 1602 doceor,
691 1573 811 1596 omnes
830 1562 971 1606 quidem
991 1562 1069 1596 viro
1086 1562 1252 1608 religioso
1278 1562 1403 1607 dignas
1421 1562 1573 1608 yirtutes
1590 1562 1739 1603 imbibit,

359 1620 421 1653 sed
438 1619 592 1653 maxime
609 1619 760 1653 musices
778 1619 897 1653 studio
914 1619 1001 1653 adeo
1018 1629 1055 1652 se
1073 1618 1210 1652 addixit
1235 1623 1277 1652 ut
1302 1618 1457 1653 Guidoni
1484 1618 1634 1654 Aretino
1660 1631 1740 1654 eum

360 1682 456 1710 aetas
473 1676 534 1709 illa
551 1687 755 1720 comparare
772 1687 843 1715 non
861 1676 1045 1715 dubitarit,
1063 1686 1143 1709 nam
1163 1675 1341 1708 rudiorem
1359 1675 1403 1708 ad
1421 1675 1456 1708 id
1475 1677 1642 1720 temporis
1660 1688 1739 1710 can-

360 1739 418 1767 tus
432 1733 655 1767 ecclesiastici
669 1733 944 1766 modulationem
958 1733 1009 1766 ita
1026 1732 1244 1771 reformavit,
1259 1736 1299 1765 ut
1314 1731 1461 1771 Romae,
1475 1733 1525 1766 ait
1539 1732 1575 1765 N
1575 1738 1737 1772 emenus,

360 1790 477 1824 Scotia
490 1789 664 1834 potuisset
678 1793 811 1823 certare
824 1799 838 1829 ;,
854 1794 889 1822 et
902 1789 1057 1833 plurima
1070 1789 1191 1827 edidit,
1203 1799 1354 1832 quorum
1368 1789 1405 1822 hi
1419 1793 1502 1823 sunt
1515 1789 1641 1833 apices,
1656 1801 1736 1823 nam

360 1858 465 1891 opera
482 1847 560 1891 ipsa
577 1856 663 1879 aevo
682 1845 718 1879 N
719 1846 840 1879 eutoni
859 1846 1088 1879 interierant:

506 1903 560 1937 De
578 1903 696 1936 Cantu
714 1901 962 1935 Ecclesiastico
980 1902 1186 1947 corrigendo
1582 1903 1641 1937 lib.
1664 1913 1688 1938 1.

504 1960 558 1994 De
577 1959 715 1993 Tenore
734 1959 899 1992 Musicali
949 1958 1009 1992 lib.
1030 1967 1054 1991 Ι.
1161 1957 1484 1993 Tetrachordorum·
1582 1960 1641 1994 lib.
1662 1970 1687 1993 1.

507 2016 831 2050 Pentachordorum
946 2015 1005 2049 lib.
1027 2024 1051 2048 1.
1103 2015 1240 2054 Quibus
1258 2015 1396 2049 duobus
1413 2016 1548 2050 ultimis
1564 2021 1584 2036 ‘⁶
1598 2017 1648 2050 nil
1666 2018 1735 2051 uti-

554 2074 633 2112 lius,
651 2073 701 2106 nil
719 2072 931 2106 elaboratius
950 2076 1045 2106 aetas
1063 2083 1103 2106 ea
1120 2072 1242 2111 vidit‚’'
1260 2072 1309 2106 ait
1328 2072 1526 2106 Neutonus.

409 2131 549 2165 Floruit
567 2141 659 2164 anno
679 2137 832 2163 MOCXL.

641 2226 800 2261 SIMON
830 2236 883 2260 DE
910 2226 1110 2261 THONDI
1135 2226 1215 2260 AB.
1243 2226 1287 2261 E.
1342 2227 1447 2262 1136.
1504 2273 1506 2275 Ι

358 2304 492 2337 SIMON
525 2302 567 2335 de
602 2301 745 2335 Thondi
777 2300 1040 2340 Benedictinus‚
1068 2300 1260 2334 monachus
1290 2301 1542 2342 Melrosiensis,
1573 2313 1612 2336 ac
1641 2309 1735 2347 post-

357 2373 397 2394 ea
444 2359 549 2394 abbas
601 2358 817 2403 Cogesshali‚
870 2358 927 2392 vir
976 2357 1125 2391 eximiae
1179 2358 1398 2398 eruditionis,
1456 2365 1490 2393 et
1545 2360 1734 2405 'singularis

1016 2416 1038 2447 2
1057 2423 1082 2447 R
