2060 2848
403 287 465 322 496
785 287 1019 321 HISTORIA
1042 287 1417 321 ECCLESIASTICA

701 439 993 474 GILBERTUS
1019 438 1362 474 MAKBRAYAR.
1415 440 1499 477 942.

403 556 641 590 GILBERTUS
660 555 891 600 Makbrayar,
910 555 1105 589 monachus
1127 554 1382 588 Benedictinus
1401 554 1688 600 congregationis
1715 555 1800 590 Clu-

403 613 589 663 niacensis‚
609 613 790 657 professus
808 613 846 646 in
864 612 992 646 celebri
1019 612 1187 646 coenobio
1213 611 1339 645 Crucis
1365 611 1524 657 Regalis,
1552 612 1610 646 vir
1635 613 1800 658 religiose

401 674 495 717 pius,
513 673 604 706 etin
622 673 732 706 sacris
758 671 871 706 literis
898 672 1040 717 egregie
1066 673 1240 708 versatus,
1267 669 1382 702 multa
1404 669 1556 702 contulit
1582 669 1620 702 in
1645 670 1701 703 sui
1727 681 1800 704 mo-

402 730 549 765 nasterii
568 735 746 770 ornatum,
765 740 856 773 quae
873 732 1060 762 enumerat
1078 726 1281 760 Richardus
1300 725 1447 759 Brunus
1473 726 1512 759 in
1536 726 1611 759 suis
1629 725 1800 761 Collecta-

402 787 488 821 neis.
542 786 693 830 Scripsit

549 843 768 889 Theologiae
785 842 1016 876 scholasticae
1034 840 1226 885 Speculum
1395 839 1456 873 lib.
1478 848 1503 873 1.

549 901 773 935 Viridarium
792 899 1005 933 Sanctorum
1395 897 1456 931 lib.
1477 905 1502 931 1.

550 958 816 1003 Speculationes
834 968 879 991 ex
896 956 1017 990 Libris
1036 955 1179 1001 Regum
1396 954 1457 988 lib.
1478 963 1504 988 1.

549 1016 809 1060 Exemplorum
827 1025 1010 1048 sacrorum
1030 1013 1259 1056 Manipulum
1398 1011 1460 1045 lib.
1481 1021 1506 1045 1.

451 1074 554 1108 Obiit
571 1085 665 1107 anno
686 1081 884 1106 MDXLVII.
904 1072 961 1105 die
979 1080 1037 1105 XI.
1056 1070 1206 1104 Januar.
1226 1070 1388 1114 sepultus
1414 1070 1453 1103 in
1479 1080 1545 1104 suo
1571 1071 1799 1112 monasterio,

400 1132 496 1177 quod
514 1131 682 1166 aedificiis
701 1129 997 1174 splendidissimis
1016 1129 1255 1162 decoraverat.

667 1241 1393 1280 ALEXANDERMONTGOMERI.
1447 1244 1531 1280 943.

400 1364 673 1397 ALEXANDER
692 1360 948 1406 Montgomeri,
967 1369 1075 1404 eques
1094 1357 1291 1391 Montanus
1311 1358 1422 1403 vulgo
1446 1362 1605 1398 vocatus,
1624 1358 1803 1393 nobilissi-

399 1432 457 1457 mo
475 1420 660 1465 sanguine,
680 1418 860 1452 Pindarus
878 1417 1050 1455 Scoticus,
1068 1415 1204 1461 ingenii
1224 1415 1404 1461 elegantia
1430 1419 1465 1449 et
1488 1416 1655 1450 carminis
1674 1427 1802 1451 venus-

400 1486 473 1513 tate
503 1477 592 1511 nulli
623 1481 786 1510 veterum
814 1475 1002 1514 secundus,
1031 1474 1108 1519 regi
1135 1473 1341 1507 carissimus
1368 1472 1514 1514 Jacobo,
1548 1474 1609 1518 qui
1641 1475 1802 1518 poeticen

399 1534 546 1569 mirifice
577 1545 618 1567 eo
648 1543 736 1566 aevo
766 1531 1049 1575 amplexabatur,
1081 1531 1216 1574 quique
1245 1538 1368 1574 poetas
1399 1531 1512 1564 claros
1543 1531 1682 1565 sodales
1717 1543 1801 1567 suos

351 1600 355 1604 '
401 1594 510 1638 vulgo
528 1591 647 1625 vocari
665 1590 791 1628 voluit,
810 1588 934 1622 multis
958 1587 1093 1633 ingenii
1120 1588 1176 1621 sui
1203 1587 1445 1621 monumentis
1467 1588 1621 1631 patriam
1639 1588 1801 1634 linguam

402 1649 532 1684 ditavit
558 1653 593 1682 et
618 1647 831 1686 exornavit3
860 1645 904 1678 ad
928 1655 995 1684 me,
1015 1645 1077 1689 qui
1095 1644 1258 1689 impubes
1275 1645 1429 1689 patriam
1448 1644 1587 1688 reliqui,
1606 1656 1801 1690 paucorum

402 1707 532 1742 notitia
549 1705 713 1751 pervenit
728 1714 737 1745 ;
765 1704 804 1737 in
820 1703 889 1743 his,

549 1763 701 1798 Cerasus
729 1766 765 1795 et
797 1751 1006 1796 Vacciniu'm
1057 1759 1118 1794 lib.
1147 1768 1172 1793 1.
1203 1771 1329 1804 poema
1356 1760 1533 1799 divinum,
1562 1770 1634 1804 quo
1664 1771 1801 1795 amores

598 1831 680 1854 suos
699 1819 956 1862 descripserat;
984 1828 1047 1861 per
1064 1828 1223 1851 cerasum
1243 1817 1376 1851 amicae
1394 1817 1558 1851 sublimis
1576 1817 1800 1862 dignitatem,

596 1889 660 1923 per
678 1876 878 1911 vaccinium
897 1875 1172 1909 contemnendos
1190 1875 1370 1909 inferioris
1388 1879 1424 1909 et
1447 1874 1630 1909 fastiditae
1647 1875 1802 1909 amasiae

601 1936 787 1979 amplexus
805 1933 1021 1978 intelligens.

550 1994 680 2038 Satyra
697 1993 735 2025 in
758 1991 970 2025 Poulartum
1023 1990 1084 2024 lib.
1105 1998 1131 2023 1.
1158 2001 1230 2034 qua
1255 1989 1347 2023 nihil
1371 1989 1585 2023 virulentius
1613 1994 1676 2023 aut
1702 1990 1802 2036 inge-

600 2051 737 2085 niosius
773 2048 901 2083 Musae
938 2047 1267 2087 comminiscuntur,
1305 2051 1401 2081 aetas
1437 2050 1530 2081 certe
1564 2051 1688 2081 nostra
1729 2058 1802 2082 non

599 2108 702 2142 vidit.

550 2166 824 2212 Epigrammata
841 2165 1032 2198 vernacula
1398 2162 1459 2196 lib.
1480 2171 1506 2196 1.

551 2223 743 2257 Cantiones
761 2222 955 2256 amatoriae
1396 2220 1457 2254 lib.
1478 2228 1504 2253 Ι.

452 2280 564 2320 Obiit,
583 2291 714 2326 magno
733 2280 828 2325 regis
846 2280 978 2319 dolore,
1005 2279 1067 2324 qui
1093 2279 1229 2325 ingenii
1255 2278 1369 2323 ipsius
1395 2276 1526 2312 festiva
1543 2276 1710 2310 comitate
1729 2287 1800 2311 non

405 2339 603 2386 vulgariter
620 2338 874 2378 oblectabatur,
893 2348 987 2371 anno
1007 2345 1156 2371 MDXCI.
