2118 2854
681 295 856 328 GENTIS
881 293 1162 331 SCOTORUM,
1188 293 1279 325 LIB.
1305 293 1401 325 VIII.
1676 291 1738 322 365

664 445 974 480 GUALTERUS
1002 444 1281 479 HIRDAEUS.
1335 443 1418 483 689.

344 561 594 595 GUALTERUS
611 561 802 600 Hirdaeus,
817 561 862 595 ad
876 561 1001 595 Musas
1015 563 1132 599 natus,
1152 571 1292 594 summa
1306 560 1442 605 ingenii
1456 559 1571 605 gloria
1585 559 1735 593 rhetori-

343 630 417 652 cam
437 619 557 653 docuit
575 619 726 653 Tolosae
744 619 781 652 in
800 618 1003 663 Squillan03
1024 622 1100 651 tum
1120 617 1407 663 peregrinatione
1422 617 1574 651 Romam
1597 627 1736 660 suscep-

342 681 388 715 ta,
408 675 620 710 Cenomanis
641 676 902 721 philosophiam
922 680 975 710 est
993 674 1185 719 professus.
1238 674 1332 720 Ejus
1351 679 1457 709 sunt:

491 733 673 778 Excerpta
692 733 844 767 Politica
858 745 902 766 ex
919 733 1035 767 Dione
1283 732 1343 766 lib.
1365 740 1389 765 1.

490 790 606 825 Notae
623 791 662 824 in
679 790 948 824 Aristaenetum
1277 789 1338 823 lib.
1359 799 1383 823 1.

490 848 750 892 Compendium
771 847 1022 892 Philosophiae
1280 846 1340 880 lib.
1362 856 1387 880 1.

491 905 680 938 Orationes
701 904 854 938 Graecae
872 916 912 939 ac
930 904 1082 938 Latinae
1281 904 1342 937 lib.
1364 912 1388 937 Ι.

490 962 661 995 Poemata
678 962 778 995 varia
1279 961 1340 995 lib.
1361 971 1386 994 1.

391 1019 424 1053 V
426 1019 493 1052 ivit
510 1019 625 1052 adhuc
642 1018 844 1064 Andegavi,
868 1024 904 1053 et
922 1019 1014 1053 bona
1031 1018 1145 1064 fruge,
1173 1018 1396 1062 secundaque
1420 1018 1525 1059 fama,
1550 1023 1591 1053 ut
1616 1020 1732 1058 audio,

342 1076 601 1120 philosophiam
620 1077 731 1110 docet.

635 1249 869 1284 JOANNES
898 1247 1292 1283 HAKERSTONUS.
1346 1247 1428 1287 690.

339 1364 362 1397 J
366 1373 448 1398 OAN
456 1373 531 1399 NES
551 1365 801 1399 Hakerstonus
819 1370 1009 1409 utramque
1029 1364 1210 1398 Palladem
1229 1365 1420 1411 insigniter
1438 1365 1558 1405 coluit,
1579 1370 1613 1399 et
1631 1367 1730 1399 miles

340 1421 454 1463 fortis,
475 1426 510 1456 et
528 1423 651 1456 doctor
668 1423 842 1462 eruditus,
861 1427 998 1456 turmas
1024 1423 1062 1456 in
1084 1422 1225 1462 Suevia,
1252 1422 1378 1462 Gallia,
1404 1433 1443 1456 ac
1467 1422 1604 1468 Belgio,
1631 1424 1731 1457 varia

340 1484 445 1518 sorte,
473 1490 603 1525 magna
626 1490 766 1523 semper
791 1478 956 1513 fortunae
982 1479 1205 1524 indulgentia
1231 1479 1356 1512 duxit:
1384 1478 1535 1513 Comitis
1565 1478 1729 1514 Boduelii

341 1541 460 1580 partes
497 1541 619 1571 contra
663 1536 898 1570 Metellanum
941 1536 1189 1571 cancellarium
1232 1540 1385 1575 secutus,
1430 1536 1530 1570 bonis
1566 1537 1730 1571 omnibus

339 1598 467 1628 exutus
485 1605 525 1628 ac
543 1594 683 1627 decreto
700 1593 843 1637 publico
861 1594 1092 1638 proscriptus,
1110 1594 1156 1627 ad
1179 1604 1279 1627 arma
1304 1604 1429 1627 rursus
1455 1594 1571 1634 rediit,
1599 1595 1729 1628 milita-

339 1662 483 1696 remque
500 1650 667 1685 ferociam
686 1651 832 1685 lenitate
849 1652 961 1685 studii
979 1651 1138 1685 condivit
1156 1662 1196 1685 ac
1213 1651 1438 1695 temperavit.
1490 1650 1639 1695 Scripsit

487 1708 657 1742 Poemata
675 1709 873 1742 cultissima
1275 1708 1336 1742 lib.
1358 1717 1383 1742 Ι.

487 1765 761 1811 Epigrammata
779 1766 984 1800 acutissima
1003 1771 1006 1774 ’
1272 1766 1332 1799 lib.
1353 1775 1412 1799 111.

485 1822 599 1856 Arma
618 1834 663 1857 an
681 1823 793 1856 literis
811 1827 1003 1867 praestent,
1277 1824 1337 1858 lib.
1360 1832 1384 1857 ῐ.

485 1879 627 1913 Bellum
645 1879 739 1914 domi
761 1891 807 1913 an
824 1880 912 1914 foris
930 1880 1136 1926 gerendum,
1275 1881 1335 1915 lib.
1356 1889 1380 1914 1.

485 1936 508 1969 J
510 1937 667 1970 udicium
686 1937 729 1970 de
748 1937 868 1971 Poetis
887 1937 1027 1971 Latinis
1073 1972 1075 1974 ,
1275 1938 1335 1972 lib.
1356 1947 1381 1972 1.

387 1994 526 2028 Tantus
545 1994 601 2026 vir
619 2005 733 2038 nuper
751 1994 883 2028 dicitur
900 1994 1056 2028 Londini
1074 1995 1192 2029 inedia
1214 1996 1373 2040 periisse,
1400 1994 1476 2029 fato
1501 1995 1597 2030 haud
1621 1997 1725 2031 dubie

338 2052 398 2084 illa
417 2051 535 2084 indole
556 2051 716 2096 indigno.
769 2050 844 2084 Sub
870 2063 1003 2089 annum
1032 2060 1191 2086 MDcxv.
1219 2053 1361 2086 obviam
1388 2052 1476 2086 mihi
1501 2052 1616 2088 factus
1639 2065 1726 2098 pau-

339 2109 371 2142 lo
406 2113 488 2142 ante
526 2108 663 2141 obitum
699 2108 743 2141 ad
779 2109 881 2142 aedes
915 2109 1031 2154 regias
1066 2108 1390 2150 &VestmonasteriL
1432 2121 1523 2154 quae
1557 2110 1725 2145 Cardina-

338 2166 380 2199 lis
416 2166 549 2199 Vollsei
580 2164 737 2205 fuerunt,
769 2177 918 2209 cumque
955 2166 1097 2199 nomine
1131 2167 1275 2210 proprio
1308 2167 1549 2211 appellassem‚
1584 2172 1725 2202 tantum

339 2222 375 2255 in
395 2222 527 2256 vestitu
546 2223 757 2266 squalorem,
776 2227 811 2255 et
830 2222 867 2255 in
886 2224 990 2256 vultu
1007 2223 1153 2256 maciem
1169 2223 1348 2263 misertus,
1366 2224 1425 2257 ille
1438 2224 1483 2258 ad
1497 2234 1573 2258 me:
1594 2229 1615 2244 ‘⁶
1628 2225 1724 2265 Quid

339 2278 456 2319 facis‚’'
475 2280 603 2323 inquit,
625 2283 645 2297 ‘⁶
660 2279 728 2318 hic,
746 2280 841 2312 coelo
855 2280 998 2323 soloque
1013 2279 1129 2313 Musis
1143 2285 1178 2314 et
1192 2280 1319 2315 virtuti
1334 2282 1467 2315 aversis
1481 2281 1497 2315 ἶ)
1526 2279 1725 2329 Heufilge

340 2333 502 2369 crudeles
522 2334 759 2381 terras,fitge
777 2334 876 2369 littus
893 2337 1075 2370 avarum.'’
1127 2337 1227 2372 Inter
1249 2338 1335 2372 haec
1358 2343 1394 2372 et
1416 2339 1546 2374 similia
1563 2342 1724 2384 perveni-

338 2404 417 2427 mus
445 2393 489 2427 ad
515 2393 649 2427 Janum
671 2394 878 2440 geminum;
904 2399 1139 2429 mercatorum
1166 2407 1214 2435 ea*
1231 2396 1349 2436 statio,
1375 2396 1423 2430 ibi
1450 2397 1593 2442 quidem
1621 2397 1723 2432 Carri-

1022 2460 1045 2484 F
