2060 2848
388 320 451 352 470
773 317 1005 350 HISTORIA
1030 312 1403 349 ECCLESIASTICA

391 418 424 448 et
453 417 556 448 sonat
586 413 778 447 Macririus
805 412 918 447 filium
947 408 1055 454 Kirii,
1083 411 1335 456 antiquissima
1361 411 1455 445 enim
1485 423 1572 458 gens
1604 411 1790 446 Kiriorum

390 472 485 516 apud
517 471 650 512 Scotos,
685 483 728 505 ex
764 483 845 516 qua,
878 471 1122 515 proculdubio,
1157 469 1332 515 originem
1364 469 1512 503 trahunt
1550 469 1666 504 Riarii
1697 480 1789 503 mar-

392 529 534 563 chiones
562 528 657 569 Itali,
688 530 751 574 qui
783 528 944 562 Sanonae
974 529 1133 573 primum
1163 527 1408 566 consederunt,
1440 527 1566 561 deinde
1593 527 1679 561 Fori
1706 526 1792 560 Cor-

391 587 475 620 nelii
515 598 555 621 ac
590 586 792 621 Caesennae
826 586 1064 630 principatum
1101 589 1318 623 tenuerunt;
1353 595 1449 618 nunc
1488 596 1572 619 vero
1612 589 1793 619 senatores

393 644 638 678 Bononienses
665 645 792 688 opibus
819 647 854 677 et
884 644 1095 677 auctoritate
1122 642 1261 681 florent,
1288 653 1351 685 per
1377 641 1645 676 Ferdinandum
1671 642 1792 687 magni

395 701 588 735 Hetruriae
623 702 723 735 ducis
759 701 804 734 ad
843 700 1052 746 Augustum
1091 703 1324 734 exoratorem.
1387 698 1456 732 Sed
1493 700 1538 733 ad
1582 699 1792 733 Macririum

392 759 507 798 redeo,
527 759 601 803 qui,
620 769 700 792 cum
719 758 831 791 frater
848 761 940 791 esset
959 756 1150 790 Geresinae
1169 755 1204 789 S.
1225 755 1364 790 Siciliae
1381 757 1536 802 reginae,
1560 757 1596 791 S.
1622 756 1792 790 Ursulam

392 817 436 850 ad
454 816 668 860 martyrium
688 815 816 860 grandi
835 825 943 858 passu
964 818 1215 858 properantem
1242 813 1434 854 insecutus,
1462 814 1506 847 ab
1534 814 1679 848 Hunnis
1702 814 1793 859 ejus-

391 874 470 907 dem
490 874 644 917 palmam
663 872 808 916 accepit.

442 929 573 964 Passus
592 936 646 963 est
664 940 757 963 anno
776 937 914 962 cDLIV.
934 937 1025 962 XXI.
1044 928 1222 963 Octobris.

879 1043 915 1077 S.
944 1042 1171 1079 MAURUS.
1224 1046 1308 1082 889.

392 1161 427 1195 S.
447 1161 635 1200 MAURUs,
652 1165 674 1180 “
687 1171 749 1194 rex
764 1159 902 1194 Scotiae
917 1159 1256 1200 Christianissimus,
1269 1159 1304 1194 S.
1318 1159 1473 1194 Ursulae
1487 1161 1619 1205 pater,’'
1632 1161 1683 1195 ait
1697 1161 1794 1196 Petr.

393 1218 557 1263 Equilin.
576 1220 652 1252 loco
670 1218 833 1263 proxime
851 1229 959 1262 supra
977 1218 1131 1251 laudato.
1183 1217 1292 1252 Hunc
1309 1229 1416 1262 porro
1434 1229 1505 1252 non
1530 1229 1648 1264 regem
1674 1218 1795 1259 fuisse,

392 1277 453 1310 sed
470 1277 564 1322 regis
583 1276 744 1314 fratrem,
764 1275 888 1314 filium,
907 1275 1135 1315 avunculum,
1155 1279 1218 1309 aut
1233 1276 1369 1320 aliquid
1384 1276 1511 1315 simile,
1526 1277 1709 1321 suspicor3
1736 1277 1797 1310 illa

394 1334 487 1367 enim
507 1338 603 1368 actas
621 1344 685 1377 per
702 1333 911 1366 universum
938 1332 1060 1366 orbem
1087 1332 1233 1373 ferebat,
1260 1338 1302 1367 ut
1328 1344 1456 1379 regum
1482 1333 1585 1368 liberi
1611 1345 1712 1380 reges
1736 1345 1797 1368 vo-

393 1396 569 1425 carentur.
604 1390 697 1424 Vide
710 1389 919 1434 Apparatus
938 1391 1051 1424 nostri
1069 1390 1129 1424 lib.
1147 1399 1191 1423 11.
1210 1402 1285 1435 cap.
1302 1400 1327 1424 Ι.
1346 1391 1405 1424 hic
1421 1391 1511 1425 adde
1529 1391 1638 1425 etiam
1653 1402 1797 1426 consue-

396 1449 556 1482 tudinem
592 1458 785 1494 regnorum
825 1448 1167 1492 septentrionalium,
1204 1460 1275 1493 qua
1309 1453 1502 1493 receptum,
1536 1454 1578 1483 ut
1613 1453 1649 1483 et
1683 1450 1796 1494 spurii

395 1517 521 1552 regum
539 1505 721 1551 filii'reges
739 1505 915 1539 dicantur.
953 1505 1139 1539 Hoveden.
1158 1511 1251 1550 part.
1268 1516 1310 1541 11.
1330 1518 1411 1552 pag.
1427 1516 1582 1541 CDXXV.
1602 1512 1624 1526 “
1642 1506 1797 1542 Consue-

395 1564 484 1598 tudo
502 1564 604 1609 regni
623 1563 812 1597 Norweiae
830 1567 895 1603 est,
922 1574 1035 1607 usque
1053 1563 1091 1596 in
1108 1563 1321 1598 hodiernum
1344 1565 1449 1604 diem,
1468 1565 1563 1609 quod
1581 1565 1708 1606 omnis,
1735 1566 1797 1610 qui

394 1621 545 1666 alicujus
563 1621 657 1666 regis
676 1620 711 1653 N
715 1620 854 1654 orveiae
872 1621 1095 1666 dignoscitur
1112 1632 1187 1655 esse
1204 1621 1310 1662 filius,
1336 1622 1417 1656 licet
1440 1622 1488 1656 sit
1514 1622 1668 1666 spurius,
1695 1627 1731 1657 et
1754 1624 1797 1657 de

398 1679 524 1713 ancilla
543 1679 697 1724 genitus,
716 1681 859 1711 tantum
878 1678 946 1711 sibi
967 1678 1029 1723 jus
1057 1679 1222 1713 vendicat
1247 1679 1286 1712 in
1312 1690 1464 1725 regnum
1490 1679 1659 1720 Norviae,
1686 1692 1799 1725 quan-

397 1741 476 1771 tum
494 1736 588 1770 filius
606 1735 701 1781 regis
720 1736 915 1781 conjugati,
935 1740 970 1770 et
988 1736 1031 1769 de
1049 1735 1160 1770 libera
1177 1737 1353 1782 genitus.''
1406 1736 1548 1771 Horum
1572 1735 1727 1773 filiorum
1754 1750 1798 1773 ex

397 1794 568 1840 legitimis
586 1793 723 1837 nuptiis
742 1794 944 1838 genitorum
963 1805 1057 1827 uuus
1075 1794 1133 1828 hic
1150 1799 1292 1828 noster:
1319 1799 1415 1829 errat
1428 1795 1632 1839 importune
1650 1795 1798 1841 Stepha-

397 1863 466 1885 nus
484 1851 726 1896 Lusignanus,
745 1851 807 1895 qui
826 1851 921 1884 hunc
941 1850 1081 1885 Corona
1100 1860 1153 1885 Π.
1178 1852 1265 1887 facit
1288 1863 1407 1898 regem
1434 1852 1645 1888 Britanniae
1663 1853 1799 1889 Cisma-

399 1910 497 1943 rinae
515 1909 552 1942 in
571 1907 708 1941 Galliis.

449 1966 588 2000 Claruit
606 1976 699 1999 anno
718 1974 842 2000 cnxr„

858 2081 894 2115 S.
921 2080 1205 2117 MAURINUS.
1259 2085 1343 2120 890.

403 2197 439 2231 S.
475 2197 700 2231 MAURINUS
736 2197 844 2232 abbas
880 2197 915 2231 S.
952 2197 1181 2231 Pantaleonis
1216 2197 1403 2232 Scotorum
1448 2199 1485 2232 in
1529 2199 1617 2233 urbe
1660 2199 1800 2234 Coloni-

406 2255 503 2294 ensi;
535 2255 630 2299 quod
657 2256 914 2289 monasterium
949 2259 1003 2289 tot
1037 2260 1240 2289 sanctorum
1271 2256 1390 2296 altrix,
1421 2261 1509 2301 quot
1538 2257 1601 2290 vix
1630 2258 1727 2291 aliud
1762 2259 1799 2292 iu

407 2311 619 2346 Germaniis.
675 2312 745 2346 Hic
770 2324 888 2357 porro,
915 2324 960 2347 ex
986 2312 1112 2346 abbate
1138 2318 1287 2358 martyr,
1306 2318 1341 2347 et
1358 2313 1611 2358 professionem
1631 2315 1801 2349 monasti-

406 2380 483 2403 cam
516 2370 688 2415 sanguine
719 2381 784 2404 suo
813 2370 1028 2410 nobilitavit,
1059 2375 1095 2404 et
1128 2371 1355 2404 securitatem
1389 2377 1570 2405 aeternam
1602 2372 1670 2405 sibi
1700 2383 1801 2417 pepe-

407 2427 466 2461 rit.
508 2426 707 2462 Historiam
728 2428 904 2472 martyrii‚
927 2428 1033 2473 jussu
1052 2427 1248 2462 Christiani
1267 2427 1375 2469 Scoti,
1402 2428 1539 2464 abbatis
1557 2430 1634 2470 loci,
1660 2430 1801 2474 scripsit
