2060 2848
675 319 850 352 GENTIS
876 316 1150 353 SCOTORUM,
1175 317 1264 348 LlB.
1286 316 1349 348 XI.
1647 315 1706 367 441

614 469 953 505 LISMORENSIS
980 467 1275 503 MONACHUS.
1330 469 1412 501 818.

325 590 602 623 LISMORENSIS
638 587 676 620 in
714 585 874 631 Argadia
918 584 1062 618 ecclesia
1103 583 1352 628 antiquissima
1395 587 1481 622 erat,
1521 583 1708 626 episcopali

325 647 457 681 honore
480 646 556 691 jam
585 649 662 678 tum
690 644 863 682 decorata,
892 653 972 675 cum
1001 652 1056 675 res
1086 641 1165 674 fidei
1193 651 1336 685 coepere
1361 640 1448 674 bene
1471 640 1508 673 in
1535 651 1576 674 eo
1601 650 1710 685 regno

324 716 359 737 se
386 704 526 738 habere.
577 701 612 735 A
638 701 697 745 pio
723 701 832 746 hujus
858 699 1013 733 coenobii
1039 699 1182 732 alumno
1207 699 1360 743 quodam
1385 708 1561 742 anonymo
1579 697 1710 740 scripta

325 766 401 795 erat

472 816 667 851 Conversio
685 815 869 849 Scotorum
1357 813 1417 847 lib.
1440 822 1463 846 1.

375 875 526 914 Quando
544 873 674 913 floruit,
692 884 764 906 non
781 872 862 905 licet
880 872 1066 905 observare
1084 882 1126 904 ex
1147 871 1358 914 scriptione3
1385 871 1451 904 hoc
1474 870 1578 903 modo
1604 881 1647 903 ex
1670 881 1710 903 eo

327 936 474 970 constat,
503 931 697 975 principem
729 929 824 963 illius
854 930 1015 974 egregiae
1046 928 1089 961 ad
1116 933 1290 962 nostrates
1317 927 1499 961 Romanae
1525 927 1711 972 legationis

326 989 436 1022 fuisse
456 988 696 1022 Paschasium.
749 986 903 1021 Videtur
921 986 1051 1019 vixisse
1070 996 1163 1019 anno
1182 994 1315 1018 Dxxx.
1329 996 1411 1018 nam
1426 985 1587 1018 meminit
1602 985 1711 1030 Regis

327 1046 493 1080 Conrani.

657 1157 727 1191 HE
734 1157 919 1191 NRICUS
945 1155 1249 1191 LICHTONUS.
1303 1159 1385 1195 819.

330 1275 548 1308 HENRICUS
566 1273 774 1312 Lichtonus,
794 1272 1030 1306 Moraviensis
1049 1272 1243 1316 episcopus,
1272 1272 1452 1318 religionis
1475 1272 1625 1306 eximius
1643 1274 1715 1306 cul-

330 1338 396 1371 tor,
416 1343 455 1365 ac
481 1330 690 1365 eruditionis
715 1341 831 1363 sacrae
854 1330 995 1363 radians
1022 1330 1194 1374 quaedam
1219 1330 1364 1374 lampas,
1391 1330 1427 1362 in
1454 1340 1565 1363 unum
1590 1341 1715 1374 corpus

330 1388 502 1421 laboriose
519 1387 656 1432 redegit

483 1444 643 1478 Canones
663 1443 904 1477 Ecclesiarum
923 1442 1140 1477 scoticarum
1241 1444 1300 1478 lib.
1321 1453 1346 1477 Ι.

477 1501 645 1534 Catenam
667 1511 810 1534 auream
830 1500 978 1534 Patrum
1156 1500 1215 1534 lib.
1237 1511 1262 1534 1.
1282 1512 1372 1545 quae
1390 1501 1522 1545 prodiit
1540 1501 1710 1536 Venetiis.

379 1558 533 1593 Vivebat
550 1569 643 1591 anno
663 1566 868 1591 MCCCCLX.
920 1556 1075 1591 Joannes
1094 1557 1299 1592 Leuchaeus
1318 1559 1377 1592 lib.
1397 1567 1486 1591 VIII.

724 1671 938 1705 THOMAS
965 1671 1188 1706 LAUDER.
1242 1675 1324 1706 820.

332 1788 365 1821 T
369 1796 509 1821 HOMAS
551 1787 704 1827 Lauder,
752 1787 1013 1820 Dunkeldensis
1057 1788 1252 1833 episcopus,
1299 1789 1457 1822 omnium
1501 1800 1571 1822 non
1612 1789 1707 1822 illius

331 1846 435 1878 modo
471 1844 573 1883 sedis,
608 1844 669 1878 sed
707 1850 741 1878 et
786 1844 1025 1889 quorumlibet
1068 1846 1123 1878 sui
1167 1846 1274 1879 seculi
1313 1846 1514 1879 antistitum
1558 1858 1598 1879 eo
1639 1858 1715 1892 reg-

331 1913 377 1935 no
407 1901 717 1941 eminentissimus,
744 1901 938 1945 piissimus,
969 1902 1216 1943 doctissimus3
1249 1904 1350 1948 cujus
1382 1908 1538 1947 tempore
1569 1903 1711 1937 vivebat

332 1959 534 1992 Alexander
570 1957 693 1992 Millus
728 1959 927 1998 canonicus,
972 1959 1033 2003 qui
1072 1960 1167 1993 illius
1210 1960 1372 1993 ecclesiae
1418 1965 1495 1994 acta
1537 1962 1716 1995 luculento

334 2021 368 2049 et
396 2015 534 2048 erudito
562 2017 655 2060 stylo
678 2015 895 2059 conscripsit.
949 2015 1019 2049 Hic
1041 2016 1214 2050 Jacobum
1240 2017 1289 2050 ΙΙ.
1311 2028 1429 2062 regem
1456 2017 1556 2051 bonis
1581 2018 1717 2052 artibus

336 2073 611 2107 informaverat:
638 2073 878 2117 episcopatum
896 2085 968 2107 non
994 2074 1062 2106 nisi
1089 2074 1224 2107 invitus
1251 2074 1382 2117 accepit
1409 2086 1501 2108 anno
1529 2084 1596 2108 LX.
1623 2080 1717 2109 aeta-

332 2132 389 2169 tis,
424 2141 486 2163 uec
522 2135 639 2163 tamen
673 2130 828 2164 laborem
859 2131 1054 2175 juvenilem
1092 2130 1196 2176 fugit,
1231 2142 1313 2164 nam
1345 2136 1379 2165 et
1412 2132 1511 2165 docte
1541 2132 1615 2176 ipse
1646 2133 1717 2166 sin-

326 2187 419 2231 gulis
467 2187 696 2220 hebdomadis
749 2187 1032 2227 concionabatur,
1084 2194 1119 2222 et
1169 2188 1390 2232 disciplinam
1446 2179 1713 2225 ecclesiasticam

332 2255 515 2288 moresque
550 2245 632 2277 cleri
666 2245 754 2278 mire
788 2245 956 2284 restituit,
993 2246 1163 2289 exemplo,
1198 2245 1353 2285 hortatu,
1397 2250 1539 2286 terrore,
1580 2258 1714 2291 poena3

333 2312 436 2346 agros
467 2302 629 2335 ecclesiae
661 2313 744 2335 suae
781 2303 829 2335 cis
862 2307 896 2335 et
922 2307 1020 2335 trans
1048 2302 1179 2336 Taium
1205 2303 1338 2342 divisit,
1365 2302 1590 2348 firmavitque
1615 2306 1712 2351 regio

333 2359 534 2402 diplomate,
565 2370 607 2392 ne
636 2360 851 2404 negligentia
878 2359 1098 2393 decessorum
1125 2367 1187 2394 aut
1214 2361 1398 2404 rapacitas,
1429 2372 1714 2396 successorumve

333 2417 467 2450 incuria
487 2416 606 2450 obesse
624 2417 697 2450 sedi
716 2423 855 2460 possen
883 2417 984 2451 aedes
1003 2428 1118 2451 sacras
1146 2418 1340 2452 incredibili
1367 2418 1485 2452 animo
1510 2424 1545 2453 et
1572 2421 1706 2465 magni-
