2060 2848
390 285 454 316 [522
776 286 1009 320 HISTORIA
1033 287 1406 322 ECCLESIASTICA

390 380 624 416 Consecratus
658 381 807 416 antistes
838 382 884 416 ab
914 382 1037 418 Ulrico
1067 383 1237 417 cardinali
1269 385 1332 418 cal.
1360 383 1521 430 Augusti
1548 395 1641 419 anno
1669 394 1789 419 meix.

389 438 478 473 obiit
506 449 601 473 anno
632 447 762 474 MCXV.
790 439 977 476 Hoveden.
1007 452 1090 488 pag.
1120 449 1272 476 CCLXX.
1299 441 1481 487 depositus
1509 450 1633 477 xxul.
1662 442 1788 477 Octob.

388 496 619 541 reliquiarum
637 497 763 532 relatio
782 501 845 533 lxi
859 497 1036 533 Novemb-

816 613 852 648 S.
880 613 1023 648 TUDA
1049 613 1096 647 E.
1123 612 1203 647 ΑΡ.
1258 615 1365 647 1144.
1422 611 1424 613 ’

384 728 420 762 S.
440 728 563 763 TUDA
580 730 656 764 sive
669 728 795 763 Judas.
830 727 983 762 Arnold.
997 727 1119 761 Uvion
1139 726 1199 761 lib.
1217 735 1260 772 11.
1275 727 1383 773 Lign.
1399 727 1507 762 Vitae
1520 739 1602 774 pag.
1617 739 1784 764 cexm'i.

385 790 406 804 ‘⁶
423 785 599 827 Aidanus,
624 786 823 825 Finnanus,
845 784 1077 824 Colmannus,
1104 783 1211 825 Eata,
1238 784 1356 824 Tuda‚
1383 785 1538 830 episcopi
1566 786 1786 821 Scotorum.''

383 841 611 878 Huntindon.
638 843 700 878 lib.
729 852 789 877 111.
818 842 959 877 Histor.
985 837 1067 888 pags.
1095 850 1204 876 CXCI.
1229 841 1368 876 Anton.
1392 842 1631 877 Demochares
1659 843 1784 879 Sacris.

382 900 516 934 Missae
541 906 628 936 tom.
653 910 713 935 111.
741 911 819 945 cap.
846 908 999 934 XXX1X.
1048 899 1208 939 Quartus
1235 900 1482 945 episcoporum
1509 900 1695 935 Scotorum
1723 904 1784 946 qui

381 958 543 992 ecclesias
579 959 799 1006 Anglicanas
834 962 1015 998 rexerunt,
1052 968 1135 992 nam
1169 957 1365 997 Aidanum,
1394 957 1613 998 Finnanum,
1643 963 1678 993 et
1705 959 1784 993 Col-

381 1025 552 1050 mannum
571 1017 646 1061 ipse
665 1020 819 1051 secutus.
863 1015 964 1050 Beda
980 1016 1041 1050 lib.
1062 1024 1122 1049 111.
1144 1014 1283 1049 Histor.
1302 1014 1509 1050 Ecclesiast.
1525 1015 1615 1050 Gen.
1630 1016 1783 1064 Anglor.

381 1083 456 1117 cap.
465 1082 583 1108 xxvt.
598 1079 618 1094 “
630 1073 789 1108 Reverso
800 1078 919 1108 autem
932 1073 1086 1118 patriam
1095 1072 1277 1112 Colmano‚
1284 1073 1439 1117 suscepit
1451 1084 1516 1117 pro
1527 1073 1589 1107 illo
1601 1074 1783 1119 pontifica-

381 1136 457 1164 tum
478 1131 881 1177 Northanhymbrorum
899 1130 1056 1165 famulus
1074 1129 1211 1164 Christi
1230 1130 1347 1169 Tuda,
1365 1131 1426 1174 qui
1446 1135 1522 1165 erat
1540 1132 1635 1176 apud
1659 1131 1782 1166 Scotos

381 1189 560 1223 austrinos
585 1190 758 1230 eruditus,
785 1195 892 1234 atque
918 1188 1104 1222 ordinatus
1130 1187 1327 1231 episcopus,
1354 1187 1499 1228 habens,
1521 1189 1630 1234 juxta
1647 1200 1782 1223 morem

380 1246 584 1291 provinciae
602 1247 710 1286 illius,
734 1257 899 1281 coronam
918 1251 1086 1280 tonsurae
1104 1244 1369 1284 ecclesiasticae,
1397 1250 1432 1279 et
1452 1244 1673 1280 Catholicam
1692 1252 1781 1281 tem-

379 1304 476 1348 poris
498 1304 681 1338 Paschalis
705 1305 867 1350 regulam
892 1303 1095 1342 observans,
1122 1302 1180 1335 vir
1203 1302 1348 1346 quidem
1375 1302 1488 1336 bonus
1514 1314 1555 1337 ac
1580 1304 1779 1349 religiosus,

379 1363 440 1396 sed
471 1362 672 1407 permodico
699 1367 858 1407 tempore
885 1361 1065 1395 ecclesiam
1095 1369 1247 1405 regens3
1281 1364 1428 1394 venerat
1455 1360 1548 1394 enim
1576 1361 1620 1394 de
1649 1361 1779 1401 scotia,

378 1424 520 1454 tenente
563 1420 679 1454 adhuc
716 1419 964 1465 pontificatum
1004 1418 1188 1457 Colmano,
1227 1422 1261 1451 et
1300 1417 1491 1463 diligenter
1526 1430 1568 1452 ea
1605 1430 1696 1463 quae
1735 1421 1779 1454 ad

378 1476 481 1509 fidem
514 1480 549 1510 et
584 1476 771 1510 veritatem
803 1475 994 1520 pertinent,
1016 1479 1060 1510 et
1091 1474 1198 1508 verbo
1229 1479 1374 1518 cunctos
1400 1475 1546 1510 docebat
1574 1481 1610 1510 et
1640 1478 1778 1521 opere.’'

376 1533 513 1568 Eadem
544 1545 587 1567 ex
616 1534 677 1567 illo
708 1533 836 1567 Franc.
869 1531 1078 1573 Godwinus,
1110 1533 1172 1576 qui
1202 1532 1406 1566 antistitum
1433 1532 1635 1579 Anglorum
1663 1545 1778 1579 nuper

375 1591 572 1630 historiam,
592 1601 654 1624 seu
672 1590 792 1624 verius
810 1590 1125 1629 nomenclaturam,
1144 1589 1337 1623 contexuit.
1391 1589 1589 1625 Monachus
1616 1591 1775 1626 Scoticus

373 1648 454 1682 fuit.
488 1647 677 1682 ·Trithem.
697 1648 758 1682 lib.
778 1655 832 1681 IV.
851 1648 894 1680 de
907 1646 985 1681 Vir.
1001 1646 1166 1681 illustrib.
1184 1647 1310 1680 Ordin.
1331 1646 1367 1680 S.
1386 1647 1570 1682 Benedicti
1589 1660 1664 1693 cap.
1684 1658 1775 1682 CLV.

375 1705 582 1739 Matthaeus
617 1704 1012 1739 westmonasteriensis
1047 1705 1091 1738 ad
1127 1715 1261 1738 annum
1301 1712 1471 1738 DCLXW.
1516 1710 1537 1725 “
1556 1705 1774 1740 colmannus

374 1764 557 1807 episcopus
576 1761 894 1801 Lindisfarnensis,
922 1772 1002 1795 cum
1026 1762 1100 1796 suis
1122 1762 1167 1795 ad
1186 1761 1341 1806 Scotiam
1367 1772 1544 1802 reversus,
1571 1763 1673 1808 cujus
1699 1765 1775 1798 loco

372 1820 476 1854 Tuda
495 1813 918 1865 episcopusordinaturf
970 1818 1106 1853 Eadem
1126 1823 1250 1853 narrat
1275 1819 1383 1853 etiam
1404 1819 1611 1855 Florentius
1630 1821 1774 1867 &Vigor-

373 1879 504 1911 niensis
523 1878 566 1911 ad
585 1878 686 1911 illum
706 1886 852 1916 annum,
871 1881 906 1910 et
925 1876 996 1909 alii.
1048 1876 1198 1921 Scripsit

516 1935 575 1969 Ad
594 1934 772 1969 Ecclesias
791 1933 1090 1968 Northumbricas
1108 1934 1169 1968 lib.
1186 1943 1210 1968 Ι.
1256 1934 1311 1968 De
1330 1934 1488 1969 Paschae
1507 1935 1643 1969 Celebr.
1662 1936 1723 1970 lib.
1746 1946 1769 1969 1.

419 1991 677 2037 Episcopatum
703 1992 859 2036 suscepit
877 2002 970 2025 anno
989 2000 1159 2025 DCLXW.
1187 1996 1223 2026 ct
1250 1993 1356 2036 paulo
1382 1997 1464 2036 post
1487 1998 1646 2037 tempore
1669 1994 1771 2028 obiit.

371 2051 509 2084 Colitur
526 2051 583 2084 die
602 2060 690 2084 xxl.
710 2049 890 2084 Octobris.
936 2048 1034 2083 Petri
1054 2049 1190 2083 Canisii
1210 2048 1525 2095 Martyrologium.
1571 2050 1677 2085 Peste
1695 2062 1772 2096 per—

372 2114 522 2152 emptus,
543 2109 702 2153 sepultus
722 2108 758 2142 in
779 2107 953 2141 Hemalel.
1007 2106 1235 2140 Huntindon.
1255 2106 1315 2140 lib.
1336 2117 1392 2140 111.
1413 2118 1493 2154 pag.
1514 2116 1623 2141 exet.

686 2223 722 2257 S.
751 2221 1076 2257 TRUMHERUS
1102 2221 1149 2256 A.
1178 2222 1219 2255 F.
1249 2221 1294 2256 E.
1350 2224 1455 2256 1145.

372 2338 407 2371 S.
440 2338 716 2378 TRUMHERU&
745 2338 884 2372 Oswini
914 2338 1008 2383 regis
1039 2338 1273 2382 propinquus,
1305 2342 1381 2371 crat
1411 2337 1506 2371 enim
1537 2337 1766 2372 nobilissimis

372 2396 577 2439 parentibus
620 2396 774 2441 genitus,
817 2400 917 2439 patre
960 2394 1065 2429 Scoto
1110 2395 1198 2439 regii
1243 2395 1442 2440 sanguinis,
1489 2400 1602 2429 matre
1647 2395 1768 2441 Angla
