2060 2848
658 323 834 356 GENTIS
844 335 846 338 ·
859 320 1133 362 SCOTORUM,
1158 323 1245 355 LIB.
1272 324 1347 356 XV.
1474 361 1481 370 ἱ
1631 326 1695 355 535

313 420 497 466 complices
515 419 695 462 appellans
722 416 962 450 Coelestinum
988 421 1023 450 et
1048 415 1071 449 J
1074 417 1245 456 ulianum,
1271 423 1312 452 ut
1334 422 1370 451 et
1393 417 1608 463 Sigebertus,
1632 420 1694 463 qui

312 489 370 512 eos
388 479 479 511 locat
496 476 534 509 in
551 486 644 509 anno
661 475 766 508 salut.
786 482 942 507 cccmv.
960 474 1089 507 rectius
1101 473 1198 507 haud
1213 473 1328 508 dubie.
1370 474 1438 508 His
1452 479 1487 508 et
1501 473 1693 518 Leporium

311 534 410 568 addit
427 533 509 566 Ado
527 530 740 566 Viennensis
759 529 946 569 Chronico,
964 531 1025 564 sed
1043 529 1283 564 Coelestinum
1301 535 1413 570 vocat,
1441 536 1474 565 et
1493 532 1693 576 episcopum

311 590 407 630 facit,
427 594 468 623 ut
486 593 522 623 et
538 588 562 622 J
564 589 735 622 ulianum.
786 587 859 626 Qui
877 588 981 631 plura
998 588 1105 625 volet,
1127 587 1229 621 adeat
1255 587 1375 621 Bedae
1394 587 1552 622 Annales
1570 588 1696 635 Angli-

311 658 427 686 canos,
454 652 490 680 et
511 645 662 680 Joannis
680 645 802 679 Balaei
826 644 1026 684 Centurias,
1054 643 1222 689 Polydori
1239 643 1383 690 Virgilii
1409 644 1607 679 Historiam
1632 646 1694 680 lib.

312 713 366 738 iv.
384 708 421 738 et
437 704 537 738 alios.

362 761 506 795 Florere
523 760 667 804 incepit,
694 765 735 794 ut
752 760 886 799 monui,
912 770 1006 793 anno
1032 768 1142 793 cmv.
1169 759 1235 793 hoc
1261 764 1325 799 est,
1352 770 1444 793 anno
1471 769 1573 794 xvu.
1600 766 1697 795 ante-

312 830 419 863 quam
437 818 710 864 Anglosaxones
734 817 772 851 in
789 816 1015 851 Britanniam
1034 817 1264 861 appulissent,
1289 821 1324 851 et
1342 817 1472 851 mirum
1497 818 1535 851 in
1552 818 1696 852 modum

313 887 387 911 rem
406 875 647 909 Christianam
665 886 706 908 ea
724 874 762 908 in
779 878 884 920 gente
902 874 1083 914 turbavit3
1111 873 1172 907 sed
1185 878 1303 907 tamen
1321 873 1366 908 ab
1383 874 1459 919 ejus
1477 875 1586 919 pestis
1604 879 1697 909 atro-

314 934 419 967 citate
437 933 606 967 immunis
632 931 702 966 fuit
728 936 851 966 nostra
876 930 1004 971 Scotia,
1027 942 1091 965 nec
1114 931 1304 975 quicquam
1331 941 1414 965 suae
1441 931 1519 966 fidei
1547 933 1695 976 puritati

313 991 434 1024 nocuit
452 990 651 1024 vicinorum
670 989 844 1034 contagio.

721 1160 756 1194 S.
786 1158 1059 1194 PECHTWIN
1067 1159 1139 1193 US.
1193 1161 1297 1194 1013.

314 1276 348 1310 S.
369 1276 660 1316 PECHTWINUS,
685 1274 865 1309 Candidae
891 1274 1002 1308 Casae
1028 1274 1065 1307 in
1091 1274 1208 1308 Scotia
1234 1276 1384 1318 praesul,
1414 1274 1594 1310 Florentio
1623 1276 1699 1310 Wi-

314 1333 492 1378 gorniensi
510 1336 739 1366 memoratur.
792 1330 942 1375 Scripsit
960 1341 1043 1365 vero

462 1389 506 1423 In
528 1389 706 1423 Matthaei
729 1388 969 1434 Evangelium
987 1387 1267 1423 Commentarios
1318 1389 1377 1423 lib.
1399 1398 1424 1422 1.
1452 1389 1557 1424 MSS.
1575 1396 1697 1425 extant

511 1447 548 1480 in
566 1446 779 1480 bibliotheca
796 1444 900 1478 Pauli
919 1444 1070 1484 Petavii,
1091 1445 1262 1479 senatoris
1282 1445 1503 1480 parisiensis.

363 1505 463 1538 Obiit
480 1514 573 1538 anuo
601 1511 796 1536 Decxe1x.
823 1502 889 1535 hoc
906 1505 970 1542 est,
993 1512 1086 1535 anno
1105 1511 1143 1535 x.
1162 1501 1290 1543 ,Caroli
1315 1501 1441 1548 Magni
1467 1504 1562 1548 apud
1589 1504 1698 1538 Fran-

315 1573 383 1600 cos,
414 1562 610 1604 imperante
640 1559 754 1593 Scotis
783 1558 957 1605 Fergusio
985 1558 1053 1592 III.
1081 1563 1222 1592 auctore
1245 1558 1498 1604 WVigorniensss
1525 1562 1599 1594 loco
1625 1562 1698 1595 lau-

314 1620 408 1652 dato.

787 1729 1069 1764 PHILIPPUS.
1124 1732 1228 1764 1014.

316 1849 578 1886 PHILLH‘PUS,
603 1845 710 1879 abbas
734 1844 919 1879 Scotorum
946 1845 1258 1879 Benedictinorum
1284 1846 1327 1879 ad
1353 1845 1398 1879 D.
1422 1846 1543 1881 Jacobi
1562 1848 1598 1881 in
1616 1849 1697 1882 sub-

315 1905 418 1939 urbio
454 1903 715 1947 Herbipolensi,
752 1906 788 1935 et
821 1901 1072 1935 coenobiarcha
1107 1911 1208 1935 xvn.
1244 1902 1385 1936 Michae
1418 1914 1595 1938 successor
1632 1906 1698 1938 sub

315 1963 447 1995 Ottone
474 1959 508 1993 V
509 1959 669 1994 olffahele
695 1959 868 2003 episcopo.
920 1957 987 1991 Vir
1003 1958 1073 1992 fuit
1090 1959 1245 2004 religiosi
1264 1959 1337 1993 voti
1358 1966 1464 1993 tenax
1481 1961 1694 2000 observator,

315 2030 378 2053 nec
396 2016 513 2050 minus
537 2021 701 2061 prompto
727 2016 771 2050 ad
798 2015 968 2049 secularia
986 2015 1127 2060 negotia
1145 2015 1273 2055 animo,
1292 2027 1433 2050 censum
1452 2017 1562 2056 auxit,
1581 2024 1615 2051 et
1634 2018 1695 2051 ho·

316 2084 447 2109 norem.
505 2074 653 2117 Scripsit

447 2125 450 2127 ’
467 2130 666 2174 Epistolam
685 2130 730 2163 ad
749 2129 914 2163 Carolum
934 2128 998 2162 IV.
1018 2129 1281 2173 Imperatorem,
1300 2142 1320 2164 a
1345 2141 1415 2174 quo
1441 2132 1598 2164 omnium
1625 2133 1694 2175 pri-

514 2187 722 2232 vilegiorum
742 2186 947 2220 monasterii
964 2186 1264 2220 confirmationem
1282 2188 1498 2231 impetravit.

368 2246 526 2281 Praefuit
539 2244 640 2278 annis
654 2253 741 2277 xm.
770 2243 870 2277 Obiit
883 2254 975 2277 anno
990 2251 1184 2277 MCCCLXI.
1214 2243 1411 2278 Chronicon
1427 2245 1511 2278 dicti
1526 2245 1692 2279 coenobii.
