2060 2848
681 272 856 305 GENTIS
880 272 1156 312 SCOTORUM,
1181 273 1269 306 LIB.
1295 274 1428 307 XV111.
1685 277 1745 306 621

363 372 505 411 garetae
526 370 562 399 et
581 365 760 400 Malcolmi
786 366 881 411 regis
905 367 1122 411 conscripsit,
1147 369 1336 402 vernacula
1359 368 1501 412 quidem
1528 369 1661 414 lingua,
1686 371 1746 403 sed

361 433 432 456 non
452 422 580 456 minori
607 422 783 467 elegantia
812 433 918 466 quam
936 423 1069 466 pietate
1087 424 1317 468 veritateque,
1335 430 1376 459 ut
1398 425 1461 468 qui
1484 425 1555 458 illis
1581 424 1747 460 familiar-

361 479 516 518 issimus,
546 478 630 512 dum
662 478 835 517 viverent,
866 478 985 518 fuerit,
1016 480 1240 524 optimusque
1270 482 1372 515 testis
1402 481 1544 525 utrique
1570 482 1744 516 virtutum

361 527 518 569 suarum'
542 535 712 569 extiterit.
775 535 874 569 Idem
906 535 1101 581 Turgotus,
1131 536 1193 570 ubi
1229 537 1437 581 aliquandiu
1475 539 1631 572 maximo
1665 550 1743 572 cum

360 592 480 626 fructu
510 603 641 626 munus
672 603 776 626 suum
807 593 1100 633 administrasset,
1136 593 1212 628 vita
1243 593 1441 635 defunctus,
1471 599 1507 628 et
1541 595 1579 628 in
1614 595 1746 629 Dunel-

360 650 468 683 miam
499 649 647 689 delatus,
678 649 740 683 ubi
770 650 949 693 prioratus
979 649 1130 683 officium
1161 655 1266 684 antea
1294 656 1461 695 gesserat,
1490 653 1649 696 sepultus
1680 658 1744 686 est.

361 704 534 751 Ejusdem
565 706 661 740 illius
694 706 848 752 Turgoti
883 717 992 740 suasu
1024 705 1235 741 Malcolmus
1271 706 1462 742 Trinitatis
1498 710 1668 753 templum
1702 711 1746 743 ad

361 761 655 796 Doumfermilem
682 763 850 802 condidit,
877 763 1037 797 sanciens
1067 767 1109 797 ut
1138 764 1264 798 exinde
1293 768 1385 798 esset
1410 775 1595 799 commune
1620 777 1744 812 regum

361 820 618 863 sepulchrum.”
669 819 805 853 Eadem
831 820 892 854 alii
918 818 1098 853 annaliun'i
1122 821 1334 854 nostratium
1361 822 1560 865 scriptores.
1612 822 1745 857 Errore

362 877 399 909 in
417 877 548 920 duplici
567 882 731 911 versatur
751 881 913 921 apostata
938 876 1111 910 Balaeus:
1137 877 1292 921 primum
1313 877 1593 913 Domifermilem
1621 880 1743 914 urbem

360 938 488 979 rogatu
523 933 678 978 Turgoti
708 938 880 967 structam
909 934 959 968 ait
986 944 1019 967 a.
1036 933 1236 973 Malcolmo‚
1267 945 1346 968 cum
1374 945 1446 968 non
1474 935 1572 970 urbis
1600 937 1658 970 ille
1683 937 1744 970 sed

360 991 483 1034 templi
513 990 549 1024 S.
582 989 772 1025 Trinitatis
805 991 990 1029 conditor;
1022 989 1147 1023 deinde
1178 990 1478 1035 archiepiscopum
1514 991 1547 1025 S.
1580 992 1744 1027 Andreae

362 1047 458 1085 facit,
493 1058 573 1080 cum
606 1047 926 1090 archiepiscopatus
957 1046 1047 1080 Fani
1079 1045 1114 1079 S.
1145 1045 1311 1081 Andreae
1340 1048 1505 1082 trecentis
1534 1055 1613 1092 post
1644 1049 1744 1084 illuni

358 1103 461 1137 annis
479 1114 550 1136 non
568 1102 677 1136 fuerit
697 1103 897 1142 institutus.
949 1102 1018 1137 Sed
1043 1102 1128 1137 facit
1153 1104 1249 1148 quod
1274 1104 1373 1137 solet.
1425 1104 1485 1138 An
1512 1105 1573 1139 SS.
1598 1117 1744 1140 numero

360 1160 544 1206 Turgotus
575 1160 750 1203 ascriptus
778 1160 836 1200 sit,
871 1160 1003 1206 ambigi
1039 1171 1060 1193 a
1094 1160 1304 1204 quibusdam
1336 1161 1450 1201 video,
1484 1173 1548 1196 nec
1583 1174 1647 1208 ego
1681 1174 1744 1207 pro

360 1222 455 1251 certo
493 1217 720 1256 affirmarim3
759 1228 870 1251 unum
899 1222 1049 1257 constat,
1082 1217 1382 1262 religiosissimam
1413 1229 1493 1252 eum
1523 1219 1666 1254 duxisse
1694 1221 1745 1252 vi-

359 1281 445 1314 tam,
474 1285 536 1308 nec
566 1275 641 1308 sine
671 1274 870 1308 sanctitatis
895 1274 1060 1318 opinione
1085 1273 1214 1307 obiisse
1238 1279 1371 1318 postea.
1432 1274 1475 1309 In
1502 1275 1621 1310 Indice
1649 1276 1744 1310 Hen-

360 1332 423 1365 rici
462 1331 611 1365 Sinclari
649 1331 763 1375 reperi
802 1342 882 1365 eum
921 1331 1033 1364 sancti
1071 1331 1213 1364 nomine
1248 1330 1471 1371 celebratum,
1507 1337 1542 1366 et
1582 1332 1744 1367 Hovede-

360 1400 438 1429 nus,
477 1393 553 1422 tota
591 1388 667 1421 vita
706 1388 889 1428 recensita,
933 1398 1013 1421 eum
1050 1392 1071 1406 ‘⁶
1099 1387 1358 1421 nobilissimum
1395 1390 1566 1435 sanguine
1601 1395 1636 1424 et
1671 1391 1745 1424 vita

360 1445 541 1479 sanctum’'
560 1445 725 1479 describit
749 1450 840 1489 part.
862 1454 887 1478 1.
912 1443 1044 1478 Annal.
1068 1455 1149 1490 pag.
1175 1452 1311 1479 CCLXI.
1337 1449 1372 1479 et
1394 1453 1579 1479 CCLXIIX.
1630 1445 1744 1490 Scrip-

360 1502 407 1536 sit

509 1559 632 1594 Vitam
651 1560 832 1594 Malcolrni
851 1560 960 1605 Regis
1298 1558 1358 1592 lib.
1378 1568 1403 1592 Ι.

507 1603 629 1651 Vitam
648 1616 684 1650 S.
704 1616 929 1662 Margaretae
948 1615 1106 1661 Reginae
1296 1615 1357 1649 lib.
1377 1624 1402 1650 1.
1454 1616 1650 1662 Utriusque
1677 1622 1744 1651 tes-

545 1674 602 1707 ·tis
621 1673 805 1708 Boethius.

509 1730 666 1764 Annales
684 1731 740 1763 sui
759 1729 947 1774 Temporis
1296 1730 1356 1763 lib.
1377 1739 1401 1763 1.
1429 1730 1567 1770 Latine,
1581 1741 1659 1764 cum
1675 1732 1744 1773 pri-

560 1798 622 1821 ora
639 1787 709 1820 duo
727 1797 833 1830 opera
851 1787 1037 1819 vernacule
1053 1786 1229 1825 edidisset,
1248 1791 1282 1820 et
1300 1787 1450 1831 eleganti
1468 1787 1571 1831 stylo.

508 1844 684 1879 Chronica
700 1842 955 1877 Dunelmensia
1297 1842 1358 1876 lib.
1378 1851 1403 1875 1.

411 1901 577 1936 Florebat
607 1911 700 1934 anno
728 1907 857 1933 Mcxv.
884 1909 955 1943 quo
979 1910 1035 1932 res
1061 1899 1212 1944 gloriose
1238 1899 1275 1932 in
1302 1899 1503 1933 Palaestina
1527 1900 1741 1945 gerebantur

361 1960 426 1993 sub
453 1959 551 2004 Rege
581 1956 809 1995 Gothefredo,
846 1956 901 1989 vel
932 1966 1025 1989 anno
1057 1963 1248 1989 MCLXXX.
1287 1961 1328 1989 ut
1358 1956 1409 1989 ait
1438 1955 1588 1989 Arnold.
1620 1955 1742 1990 Uvion

362 2017 422 2050 lib.
456 2025 497 2049 11.
530 2014 636 2060 Ligu.
665 2013 771 2047 Vitae
797 2024 877 2058 pag.
909 2021 1093 2045 ccxxvu.
1125 2012 1186 2055 qui
1216 2024 1238 2046 a
1268 2012 1397 2046 Balaeo
1428 2013 1594 2056 deceptus
1630 2013 1742 2046 archi-

361 2074 562 2118 episcopum
602 2071 699 2105 facit.
763 2070 938 2103 Dissentit
976 2069 1137 2102 nonnihil
1175 2068 1310 2103 Anton.
1347 2068 1528 2102 Possevin.
1564 2068 1739 2114 Apparat.

361 2131 456 2164 Sacr.
495 2140 575 2175 pag.
613 2135 838 2162 cccxxxvi.
903 2130 924 2145 ‘⁶
951 2125 1134 2171 Turgotus
1172 2125 1420 2159 Dunelmensis
1458 2125 1610 2159 decanus
1647 2136 1739 2159 anno

364 2195 546 2220 chvni.
574 2183 734 2219 Scotus.’'
785 2183 917 2216 Parum
947 2187 999 2216 est
1030 2182 1072 2216 de
1101 2193 1193 2216 anno
1223 2182 1371 2221 dissidii,
1407 2193 1470 2215 nec
1505 2183 1657 2216 multum
1689 2193 1742 2216 re-

363 2244 432 2277 fert
461 2244 612 2276 decanus
643 2253 688 2275 an
716 2241 814 2285 prior
842 2239 961 2273 fuerit.
1014 2238 1207 2272 Meminere
1237 2244 1273 2272 et
1302 2238 1374 2279 alii,
1407 2238 1469 2282 qui
1497 2249 1568 2272 non
1598 2239 1641 2272 ad
1672 2250 1743 2273 ma-

362 2311 460 2334 num.
511 2299 688 2333 Ultimum
703 2298 862 2342 priorum
880 2295 965 2330 facit
986 2295 1029 2329 G.
1049 2294 1375 2330 Malmesburiensis
1400 2295 1460 2329 lib.
1480 2303 1540 2329 111.
1564 2295 1607 2329 de
1625 2294 1741 2330 Gestis

365 2356 576 2391 Pontificum
610 2355 811 2401 Anglorum
843 2364 923 2399 pag.
958 2361 1100 2387 CLVIII.
1131 2353 1166 2386 id
1196 2357 1322 2398 agente
1353 2351 1543 2396 Ranulpho
1573 2352 1740 2386 antistite.
