2060 2848
660 269 835 302 GENTIS
859 269 1135 308 SCOTORUM,
1160 270 1249 303 LIB.
1274 271 1406 303 XVIII.
1669 272 1732 303 619
1791 241 1797 247 ἢ

756 420 801 454 Β.
829 420 1164 455 THELESINUS.
1217 423 1323 459 1139.

347 537 390 570 Β.
410 536 689 576 THELESINUS‚
715 540 778 570 aut
804 536 1016 576 Teliesinus,
1042 535 1179 575 Scotus‚
1205 540 1241 569 et
1266 534 1409 569 Merlini
1428 534 1609 569 Caledonii
1631 532 1729 580 prae-

345 598 475 638 ceptor,
497 598 539 627 ut
564 594 603 627 in
631 593 793 627 Historia
817 592 1014 627 Alexandri
1040 593 1133 627 Milli
1159 592 1402 626 Dunkeldensi
1426 592 1587 633 habetur,
1611 593 1667 626 vir
1689 594 1728 626 li·

345 656 501 685 terarum
535 662 600 685 suo
638 652 754 685 seculo
792 651 966 695 princeps,
1000 650 1282 690 mathematicus,
1320 649 1562 694 philosophus,
1597 649 1727 689 rhetor,

345 712 448 751 poeta
466 709 627 748 eximius,
651 709 753 754 cujus
770 707 939 743 festivum
958 707 1141 754 ingenium
1157 718 1244 752 gens
1262 711 1422 741 veterum
1440 706 1641 746 Britonum,
1666 718 1728 741 seu

336 765 465 805 vaalli,
484 766 629 810 plurimi
647 766 793 805 faciunt,
811 776 894 799 nam
912 766 1006 810 apud
1020 775 1079 799 eos
1092 764 1191 804 obiit,
1205 768 1240 798 et
1253 764 1355 798 annis
1369 774 1479 808 paene
1491 763 1727 809 quadraginta

344 823 486 857 mansit.
537 823 678 867 Scripta
694 822 786 857 tanti
803 822 872 856 viri
890 822 1083 866 perierunt,
1101 826 1224 856 extant
1241 821 1366 865 apices.

491 879 700 914 Vaticinalis
719 879 882 916 Historia
923 879 983 913 lib.
1003 889 1028 913 1.
1079 878 1339 913 vaticiniorum
1364 877 1586 923 quorundam
1619 878 1679 911 lib.
1700 886 1724 910 1.

491 937 584 972 Acta
602 937 712 983 Regis
729 936 882 971 Arthuri
925 937 986 970 lib⁴
1005 945 1030 970 1.
1081 935 1232 969 Dubitat
1251 934 1386 975 Millus,
1404 945 1450 968 an
1466 934 1514 969 sit
1530 945 1619 978 opus
1636 934 1723 980 ejus·

492 995 660 1028 Carmina
676 995 817 1028 diversa
929 993 989 1027 lib.
1009 1002 1035 1027 Ι.

394 1043 546 1086 Vivebat
564 1063 657 1085 anno
676 1060 773 1085 DXL.
825 1050 941 1085 Stulte
959 1050 1122 1084 Pitsaeus
1141 1047 1525 1083 Cambro-Britannum
1542 1047 1638 1083 facit.

636 1164 841 1199 ALANUS
867 1162 1193 1198 TURONENSIS
1220 1162 1270 1196 M.
1325 1163 1431 1196 1140.

344 1280 376 1313 Α
384 1288 518 1313 LANUS
532 1278 752 1314 Turonensis
770 1280 897 1319 dictus,
915 1279 972 1312 vel
988 1278 1072 1322 quia
1089 1277 1126 1310 in
1143 1277 1277 1322 majore
1295 1276 1508 1310 monasterio
1523 1276 1722 1311 Turonensi

343 1339 404 1371 diu
423 1338 524 1376 vixit,
543 1338 599 1370 vel
612 1337 697 1381 quia
707 1336 928 1370 Turonensis
942 1340 1017 1369 erat
1031 1334 1234 1368 monachus.
1276 1332 1505 1367 Vocabantur
1517 1338 1634 1367 autem
1650 1333 1724 1368 Tu-

343 1405 507 1429 ronenses
526 1394 620 1438 apud
637 1394 759 1428 Scotos
777 1392 939 1428 monachi
962 1391 1184 1426 Benedictini
1207 1391 1268 1435 qui
1294 1401 1339 1424 ex
1363 1390 1424 1423 illa
1449 1389 1618 1424 Francica
1644 1402 1724 1424 con-

342 1452 547 1497 gregatione
574 1450 728 1490 fuerant,
756 1450 885 1494 quibus
914 1449 1093 1494 permulta
1123 1452 1224 1482 erant
1249 1448 1287 1481 in
1313 1447 1430 1481 Scotia
1455 1447 1630 1486 coenobia,
1662 1448 1721 1481 sed

343 1512 447 1551 caput
466 1507 625 1541 omnium
645 1506 857 1540 Kilwinnin.
908 1506 1058 1550 Scripsit

491 1564 691 1598 Historiam
708 1563 891 1597 Comitum
908 1563 951 1597 de
968 1562 1127 1597 Galweia
1143 1562 1204 1596 lib.
1226 1571 1251 1596 1.
1270 1561 1448 1606 eruditum
1471 1566 1507 1595 et
1529 1561 1723 1605 exquisitae

537 1621 732 1667 elegantiae
749 1631 849 1664 opus,
868 1620 969 1665 cujus
987 1620 1081 1663 apud
1098 1630 1154 1653 me
1171 1620 1284 1653 multa
1301 1618 1510 1664 fragmenta.

488 1678 731 1712 Fundationes
750 1677 1009 1711 Coenobiorum
1039 1676 1099 1710 lib.
1120 1685 1144 1710 1.
1221 1675 1423 1720 Rhythmos
1442 1674 1588 1708 Latinos
1619 1675 1677 1709 lib.
1698 1685 1722 1708 1.

393 1735 565 1769 Perduxit
582 1734 768 1768 historiam
786 1744 886 1767 suam
904 1733 949 1766 ad
966 1744 1098 1767 annum
1112 1728 1265 1767 'luccen

744 1845 958 1880 THOMAS
983 1845 1160 1880 ABBAS.
1215 1846 1319 1878 1141.

343 1963 519 1998 'rnoMAs
538 1962 640 2001 alius,
664 1961 821 2007 ejusdem
839 1960 1042 1994 monasterii
1061 1959 1311 1994 coenobiarcha
1330 1967 1431 1992 xxx.
1456 1959 1512 1992 vir
1535 1965 1721 2003 pauperta-

339 2021 388 2054 ‘tis
407 2020 590 2065 religiosae
607 2018 883 2056 amantissimus,
901 2022 936 2051 et
954 2018 1028 2051 voti
1045 2016 1229 2050 monastici
1248 2020 1365 2056 tenax,
1385 2016 1524 2060 scripsit

492 2075 741 2109 Meditationes
759 2074 934 2108 solitarias
1269 2073 1328 2106 lib.
1349 2082 1373 2106 1.

391 2134 490 2167 Sedit
507 2132 610 2166 annis
628 2140 685 2165 XI.
704 2131 792 2165 obiit
811 2138 1129 2165 MceceLxxxnl.

661 2230 703 2263 Β.
730 2227 1017 2262 WALTERUS
1043 2227 1243 2263 TREILL.
1298 2229 1401 2261 1142.

344 2307 385 2340 B.
430 2305 666 2338 NVALTERUS
709 2302 821 2336 Treill
863 2302 1040 2345 praeclaro
1081 2301 1195 2346 elogio
1236 2301 1335 2334 audit
1377 2302 1470 2345 apud
1520 2301 1715 2336 Scotichro-

343 2365 446 2397 nicon
480 2363 540 2396 lib.
576 2370 627 2394 Vl.
663 2371 737 2404 cap.
774 2368 868 2393 xnv.
901 2363 922 2378 “
948 2358 1054 2404 Pugil
1085 2358 1257 2397 ecclesiae,
1291 2357 1389 2391 miles
1428 2359 1557 2403 legum,
1594 2359 1716 2392 doctor
