2060 2848
687 327 864 362 GENTIS
888 327 1165 370 SCOTORUM,
1189 330 1280 364 LIB.
1304 331 1381 364 XV.
1662 332 1723 362 541

701 477 936 515 JOANNES
961 478 1209 515 PETREUS.
1261 481 1369 516 1028.

342 593 365 626 J
369 599 536 628 0221<an
550 591 711 635 Petreus,
724 593 802 628 sive
814 592 945 634 Petrie,
958 591 1069 628 bonas
1082 597 1176 628 artes
1192 593 1232 628 in
1245 593 1371 630 Galliis
1383 595 1515 630 multos
1527 594 1605 642 jam
1618 604 1727 631 annos

341 650 442 685 docet
458 660 599 685 summo
615 650 750 697 ingenii
768 650 985 685 vivacissimi
1002 649 1133 685 fructu.
1184 649 1335 696 Scripsit

490 707 534 743 In
551 708 672 743 omnia
688 707 895 744 Aristotelis
912 707 1163 753 Philosophica
1178 707 1299 754 Opera
1372 709 1434 746 lib.
1453 719 1479 746 1.

489 764 682 800 Tractatus
700 765 869 801 Politicos
1374 767 1435 803 lib.
1455 776 1481 803 1.

390 822 494 857 Vivit
522 822 639 857 adhuc
665 822 847 858 Beriaraci
869 822 908 858 in
931 821 1140 868 Aquitania,
1165 827 1201 858 et
1226 827 1415 871 utramque
1443 825 1605 873 linguam
1633 837 1729 862 seve-

341 881 540 925 rioremque
556 880 723 926 gnaviter
739 880 834 916 colit.

721 977 885 1013 DAVID
910 977 1186 1013 PERSONUS.
1238 980 1347 1018 1029.

341 1051 480 1086 DAVID
500 1050 678 1087 Personus
694 1051 1001 1093 Abirbrofflensis,
1018 1051 1076 1086 cui
1093 1052 1171 1087 vico
1189 1056 1226 1087 et
1242 1053 1458 1088 monasterio
1474 1054 1584 1090 nobili
1598 1066 1726 1091 nomen

340 1120 361 1142 a
378 1108 524 1144 fluviolo
541 1109 706 1150 alluente,
724 1108 936 1144 Neracensis
961 1108 1000 1143 in
1019 1107 1137 1143 Gallia
1162 1107 1312 1155 collegii
1336 1110 1549 1152 moderator,
1575 1111 1726 1147 Baronis

340 1165 528 1200 Rossensis
545 1164 642 1200 Scoti
659 1176 774 1211 nuper
794 1165 833 1200 in
855 1164 961 1200 Italia
982 1176 1110 1207 comes,
1134 1165 1330 1200 multarum
1353 1166 1559 1214 linguarum
1582 1179 1725 1216 gnarus,

340 1223 440 1257 varia
456 1233 564 1268 opera
579 1223 688 1258 habet
704 1222 909 1264 emittenda,
926 1223 988 1258 sed
1005 1223 1194 1258 vernaculo
1211 1233 1396 1258 sermone:
1422 1224 1460 1259 in
1478 1224 1535 1260 his
1551 1231 1646 1266 sunt,

487 1279 653 1315 Varietas
667 1280 803 1315 Rerum
817 1280 878 1315 lib.
894 1289 919 1315 1.
932 1291 1022 1326 opus
1035 1280 1173 1326 ingens,
1192 1284 1228 1315 et
1240 1280 1365 1315 multis
1380 1281 1484 1316 annis
1497 1281 1726 1318 elaboratum·

487 1337 679 1372 Cantiones
696 1336 854 1373 scoticae
871 1337 1081 1372 Amatoriae
1276 1337 1337 1373 lib.
1357 1347 1383 1373 1.

486 1394 666 1441 Apologia
683 1406 748 1440 pro
766 1394 889 1429 Patria
1275 1394 1337 1429 lib.
1356 1403 1383 1430 1.
1421 1395 1573 1441 Neapoli
1611 1407 1725 1442 nuper

537 1451 736 1497 conscripta
752 1452 839 1487 dum
856 1452 1001 1498 quidam
1019 1451 1114 1496 apud
1127 1461 1313 1498 proregem
1330 1451 1374 1486 de
1391 1463 1432 1487 ea
1450 1463 1522 1487 non
1535 1463 1600 1498 pro
1613 1453 1727 1500 digni-

536 1513 610 1544 tate
627 1510 832 1554 loqueretur
848 1519 857 1544 :
883 1520 1008 1544 versus
1025 1519 1110 1543 sane
1127 1512 1212 1543 sunt
1228 1507 1324 1543 boni.

390 1566 493 1602 Vivit
509 1565 626 1602 adhuc
642 1566 680 1601 in
697 1565 827 1608 Scotia,
845 1566 956 1601 finitis
972 1565 1256 1613 peregrinatione
1273 1565 1412 1601 Scotica
1427 1571 1463 1602 et
1481 1565 1615 1602 Italica.

635 1663 897 1700 HENRICUS
922 1662 1207 1699 PHILIPPUS.
1261 1665 1368 1699 1030.

635 1720 963 1757 ALEXANDER
987 1719 1282 1756 PEIRSONUS.
1336 1722 1443 1756 1081.

634 1778 798 1815 DAVID
825 1777 1146 1814 PRIMROSIUS.
1199 1780 1308 1814 1032.

340 1853 472 1888 N1H1L
502 1852 599 1898 quod
631 1863 699 1899 ego
727 1852 879 1887 viderim
910 1852 1105 1886 emiserunt
1133 1851 1215 1893 nisi,
1246 1862 1329 1898 rege
1356 1850 1510 1887 Scotiam
1536 1856 1725 1897 repetente,

341 1911 598 1957 epigrammata
619 1909 793 1956 quaedam
817 1913 853 1944 et
873 1909 1060 1954 poematia,
1078 1919 1169 1953 quae
1186 1908 1293 1943 simul
1310 1918 1390 1943 cum
1417 1908 1496 1943 aliis
1517 1908 1724 1954 prodierunt

339 1967 565 2014 Edimburgi.

630 2124 933 2166 APPENDIX
962 2125 1043 2165 AD
1073 2124 1306 2165 LIBRUM
1337 2123 1427 2165 XV.

780 2229 816 2264 S.
844 2229 1133 2271 QUERANUS.
1186 2231 1292 2265 1033.

339 2305 375 2339 S.
407 2305 637 2344 QUERANUS
666 2303 703 2338 in
734 2302 853 2337 Scotia
879 2302 998 2343 abbas,
1027 2302 1079 2337 ait
1108 2302 1408 2349 Martyrologium
1438 2302 1641 2337 Romanum
1667 2304 1723 2337 die

340 2371 397 2396 lx.
430 2361 657 2407 Septembris,
691 2364 926 2406 repetuntque
957 2358 1156 2400 Usuardus,
1186 2359 1316 2395 Petrus
1346 2358 1559 2401 Ga1esixfius,
1589 2365 1625 2395 et
1650 2360 1721 2394 alii.

341 2420 480 2465 Scripta
523 2419 642 2454 omnia
683 2417 816 2465 injuria
859 2417 1027 2463 temporis
1066 2417 1287 2452 interierunt.
1346 2416 1426 2457 Quo
1468 2422 1625 2463 tempore
1667 2417 1723 2449 vir

1001 2477 1023 2508 2
1041 2483 1065 2509 F
