2060 2848
682 299 856 332 GENTIS
879 299 1154 340 SCOTORUM,
1179 301 1266 333 LIB.
1293 301 1406 333 XVII.
1670 303 1733 335 593

352 393 433 427 simi
451 393 545 426 illius
562 389 719 427 coenobii
736 392 831 437 quod
846 391 991 427 Sandat
1004 394 1137 433 dicunt,
1155 393 1261 428 abbas
1274 398 1422 433 creatus,
1439 394 1491 427 ita
1503 404 1539 428 ne
1556 394 1675 439 gessit,
1690 401 1729 428 ut

351 459 464 494 neque
489 448 681 482 doctiorem
711 460 775 483 nec
801 448 958 483 moribus
988 450 1198 484 sanctiorem
1227 454 1322 484 aetas
1353 450 1414 483 illa
1443 450 1574 484 tulerit.
1638 450 1729 496 Ejus

351 506 464 539 multa
481 515 587 549 opera
604 505 774 539 extabant
791 505 829 539 in
853 505 1065 539 bibliotheca
1090 504 1385 545 Sanctandreana‚
1410 510 1452 540 ut
1475 517 1517 540 ex
1541 506 1654 540 indice
1670 516 1730 550 ap-

351 565 473 605 paret3
501 561 615 605 apices
634 566 774 595 tantum
792 565 995 606 supersunt,
1013 566 1048 595 et
1065 562 1129 595 hos
1148 561 1306 605 reperio:

499 617 612 662 Super
646 618 862 664 Magistrum
896 617 1158 653 Sententiarum
1196 616 1517 653 Determinationes
1553 619 1730 654 scholasti-

546 685 603 708 cas
1211 674 1272 707 lib.
1292 683 1345 707 1v.

496 731 550 765 De
567 731 754 776 Baptismo
1210 730 1270 764 lib.
1291 739 1316 764 1.
1367 730 1526 776 Suscipio
1539 732 1671 766 lubens.

495 787 728 827 Quaestiones
747 793 990 822 controversas
1206 787 1266 822 lib.
1287 796 1311 821 1.

400 844 552 878 Vivebat
569 855 661 879 anno
681 853 866 878 mccnvn.
1335 839 1340 843 ”

814 957 1008 992 SIMEON
1032 956 1111 992 ΑΡ.
1165 956 1269 996 1069.

349 1073 384 1106 S.
404 1072 570 1106 SIMEON
587 1072 782 1116 episcopus,
800 1071 837 1105 S.
854 1070 999 1105 Alcuini
1017 1069 1112 1104 Scoti
1129 1071 1322 1114 discipulus
1339 1071 1377 1105 in
1400 1071 1527 1111 Scotia‚
1551 1084 1633 1107 nam
1656 1074 1725 1117 epi-

349 1129 438 1164 stola
455 1129 500 1163 ad
517 1127 682 1162 Catulum
701 1138 820 1174 regem
838 1127 1012 1161 Alcuinus
1029 1131 1191 1166 testatur,
1209 1127 1303 1171 quod
1320 1138 1400 1161 eum
1418 1129 1618 1169 nutriverit,
1643 1131 1726 1163 edu-

349 1186 492 1225 caverit,
523 1185 567 1218 ad
601 1185 718 1218 virum
752 1184 948 1228 perfectum
983 1183 1198 1227 perduxerit,
1228 1194 1273 1217 ex
1301 1185 1472 1218 monacho
1506 1185 1724 1220 Melrosiensi

349 1247 540 1278 strenuam.
556 1251 699 1285 operam
726 1241 971 1275 convertendis
995 1240 1034 1274 in
1061 1240 1251 1275 Germania
1278 1241 1475 1276 infidelibus
1501 1243 1621 1276 eodem
1646 1254 1725 1277 cum

349 1298 384 1332 S.
404 1298 589 1332 Bonifacio
610 1298 725 1331 seculo
750 1297 939 1342 praestitit,
962 1308 1033 1341 quo
1056 1298 1197 1332 nomine
1220 1298 1314 1332 inter
1338 1299 1495 1333 doctores
1518 1300 1724 1343 apostolicos

349 1359 384 1389 et
401 1355 517 1401 gentis
534 1354 629 1388 illius
652 1354 832 1398 episcopos
851 1355 933 1400 jure
956 1358 1175 1394 numeratur,
1199 1358 1245 1394 et,
1268 1359 1310 1388 ut
1327 1355 1501 1395 existimo,
1527 1366 1590 1389 nec
1607 1359 1726 1390 tamen

348 1417 479 1445 temere
496 1421 752 1451 asseveravero,
770 1410 832 1444 SS.
851 1421 997 1444 numero
1015 1411 1199 1455 ascriptus,
1223 1422 1306 1445 nam
1323 1411 1354 1445 ei
1372 1410 1523 1445 officium
1547 1411 1723 1446 Robertus

348 1468 500 1502 Balaeus
520 1467 646 1513 junior
668 1466 809 1513 Anglus
834 1468 1041 1511 composuit,
1067 1468 1168 1513 cujus
1192 1468 1406 1512 principium
1432 1473 1453 1488 “
1471 1468 1550 1502 Ave
1571 1468 1722 1507 Simeon,

349 1528 449 1568 pater
477 1524 638 1568 inclyte.''
692 1523 842 1568 Scripsit
873 1525 995 1564 multa,
1025 1523 1162 1558 Joanne
1192 1523 1349 1559 Lelando
1379 1529 1478 1565 teste,
1508 1525 1569 1568 sed
1598 1526 1722 1569 apices,

349 1592 420 1615 non
437 1581 543 1614 modo
559 1591 677 1624 opera,
694 1580 888 1624 perierunt,
905 1584 1045 1624 praeter

498 1636 673 1671 Homilias
690 1636 736 1673 ad
753 1635 946 1671 Germanos
1205 1636 1264 1671 lib.
1284 1645 1309 1670 1.

399 1692 565 1727 Florebat
581 1703 675 1727 anno
692 1701 836 1728 Decxc.

853 1805 1066 1842 STANTO.
1118 1810 1222 1845 1070.

350 1921 516 1954 STANTO
534 1919 670 1959 Scotus‚
692 1924 733 1954 ut
755 1920 922 1964 anonymi
940 1919 1053 1954 Index
1075 1919 1238 1964 praefert,
1264 1919 1504 1966 philosophiae
1529 1926 1563 1955 et
1589 1921 1721 1955 mathe-

350 1976 497 2010 maticae
514 1976 632 2009 studio
649 1975 875 2016 clarissimus,
893 1976 1034 2020 scripsit

498 2032 541 2065 In
557 2031 718 2066 Canones
735 2036 771 2065 et
787 2031 943 2066 Tabulas
960 2032 1165 2067 Arzachelis
1216 2033 1274 2066 lib.
1296 2042 1319 2066 1.

398 2088 501 2123 Vixit
519 2088 666 2123 Parisiis
683 2099 776 2123 anno
795 2097 1004 2124 mccccxn.

541 2200 801 2235 HENRICUS
826 2200 1104 2236 SINCLARUS
1130 2202 1374 2237 DECANUS.
1428 2205 1533 2240 1071.

352 2315 566 2348 Hssxmcus
608 2313 1062 2354 Sinc1arus,-G1ascuensis
1103 2315 1264 2355 decanus,
1311 2327 1468 2350 summae
1512 2317 1629 2351 curiae
1669 2328 1720 2351 se-

351 2376 453 2405 nator
495 2375 529 2404 et
571 2371 796 2415 vicepraeses‚
838 2371 883 2406 ob
924 2381 1102 2405 summum
1144 2372 1325 2419 ingenium
1367 2378 1404 2407 et
1419 2388 1422 2390 ’
1437 2374 1621 2408 doctrinae
1661 2384 1720 2407 ex-

1009 2430 1031 2461 2
1050 2436 1074 2461 Ο
