2060 2848
386 316 449 347 456
766 316 998 349 HISTORIA
1022 316 1394 350 ECCLESIASTICA

866 468 902 502 S.
929 467 1158 503 MIRINUS.
1211 471 1294 506 859.

388 583 424 617 S.
444 583 640 624 MIRINUS‚
659 583 765 618 abbas
784 583 1050 624 Benedictinus,
1068 588 1104 617 et
1121 584 1309 618 sanctitate
1322 587 1358 617 et
1375 583 1488 617 literis
1507 584 1635 624 clarus,
1653 584 1775 618 multis

387 641 488 675 annis
505 641 646 686 piisime
664 641 846 675 Pasletum
865 641 1072 674 coenobium
1090 641 1194 675 rexit.
1247 639 1397 684 Scripsit

533 698 720 732 Canonum
739 708 920 732 sacrorum
939 696 1134 741 Epitomen
1325 697 1386 731 lib.
1408 705 1433 731 Ι.

535 755 580 789 In
598 766 718 789 omnes
736 754 919 799 Epistolas
937 755 1123 788 canonicas
1324 754 1384 788 lib.
1406 764 1430 788 1.

532 812 710 846 Homilias
728 812 771 845 de
789 811 929 845 Sanctis
1321 812 1382 845 lib.
1403 820 1428 845 1.

434 870 601 904 Florebat
618 880 712 903 anno
729 877 909 902 CMLXIx.
929 868 986 901 vel
1003 876 1196 902 CCCLXIX.
1241 867 1391 903 Gilbert.
1408 868 1523 904 Brun.
1568 870 1709 905 Colitur
1722 872 1778 905 die

386 936 454 961 XV.
474 926 702 972 Septembris.
755 926 917 960 Breviar.
937 924 1031 959 Scot.

830 1099 866 1132 S.
893 1097 1191 1132 MARNOKUS.
1245 1097 1328 1133 860.

386 1216 421 1250 S.
441 1216 689 1256 MARNOKUS,
707 1218 742 1249 et
767 1214 842 1259 ipse
868 1224 912 1247 ex
935 1213 1152 1248 Culdeorum
1178 1214 1303 1248 ordine
1329 1214 1375 1248 ad
1400 1214 1644 1260 episcopatum
1670 1217 1777 1251 ‹lesti-

384 1279 501 1314 natus,
515 1278 696 1308 strenuam
715 1283 858 1316 operam
872 1271 1020 1317 paganis
1038 1272 1167 1306 ritibus
1186 1272 1428 1316 exstirpandis
1446 1274 1606 1307 navavit.
1659 1273 1776 1319 Scrip-

381 1332 427 1366 sit
1003 1364 1007 1367 ,

532 1388 600 1422 Pro
618 1399 703 1421 vera
721 1387 871 1427 Pietate,
892 1390 927 1420 et
944 1386 1013 1420 Dei
1031 1385 1153 1428 Cultu,
1173 1391 1298 1421 contra
1316 1385 1487 1427 Gentiles,
1515 1387 1578 1421 lib.
1600 1397 1625 1422 1.

527 1445 582 1480 De
601 1445 706 1479 Locis
724 1445 855 1478 sanctis
1519 1445 1581 1479 lib.
1601 1455 1626 1479 1.

430 1503 531 1537 Obiit
557 1515 651 1537 anno
677 1511 860 1536 cccxxn.
888 1503 1048 1547 sepultus
1074 1502 1112 1535 in
1139 1501 1355 1535 Kilmarnok
1383 1502 1568 1545 provincia
1594 1502 1775 1550 Cuninga-

380 1562 463 1601 mia,
482 1561 548 1595 sub
575 1560 700 1594 abbate
727 1559 928 1599 Kilwinini,
955 1559 1014 1593 ubi
1043 1559 1269 1593 celeberrima
1295 1559 1494 1599 devotione,
1521 1560 1774 1596 miraculorum

382 1619 508 1664 gloria,
527 1618 684 1652 maximo
701 1628 874 1651 concursu
892 1617 1197 1661 frequentabatur,
1224 1616 1311 1649 dum
1330 1615 1485 1650 haeresis
1503 1628 1618 1661 nuper
1635 1619 1774 1665 religio-

382 1687 463 1710 nem
481 1676 735 1721 exstingueret.
788 1673 928 1708 Colitur
946 1674 1002 1707 die
1021 1682 1122 1708 XXV.
1142 1673 1319 1708 Octobris.
1374 1673 1536 1708 Breviar.
1556 1675 1649 1710 Scot.
1669 1681 1705 1710 et
1722 1688 1774 1711 ec-

382 1734 565 1768 clesiarum
586 1743 786 1766 consensus.

872 1905 908 1939 S.
937 1904 1135 1939 MAURA.
1190 1904 1272 1940 861.

379 2023 416 2056 S.
438 2022 595 2057 MAURA
613 2021 726 2067 virgo,
753 2025 789 2055 et
814 2020 1138 2055 sanctimonialium
1164 2023 1348 2069 magistra,
1376 2021 1461 2056 viva
1486 2022 1685 2063 sanctitate,
1713 2024 1772 2058 de-

380 2080 505 2114 functa
522 2079 774 2113 miraculorum
792 2078 920 2125 gratia,
939 2078 1129 2123 conspicua
1146 2078 1241 2121 fuit3
1269 2091 1291 2114 a
1317 2079 1419 2125 cujus
1445 2080 1588 2114 nomine
1613 2080 1771 2115 famosus

381 2140 477 2172 locus
496 2137 663 2171 Kilmaur
681 2136 953 2181 appellationem
971 2135 1131 2170 sortitus.
1185 2136 1338 2182 Scripsit

528 2194 704 2240 Regulam
724 2195 767 2227 ad
787 2193 931 2227 Sorores
1318 2194 1378 2229 lib.
1399 2204 1425 2228 1.

527 2251 562 2284 S.
584 2252 792 2285 Scolasticae
809 2250 934 2285 Vitam
1319 2252 1379 2286 lib.
1401 2261 1426 2285 1.

530 2309 783 2343 Meditationes
1318 2309 1379 2343 lib.
1401 2318 1426 2342 Ι.

428 2366 569 2401 Floruit
583 2377 675 2400 anno
690 2375 848 2400 Deccxc
856 2375 944 2400 VIII.
991 2365 1130 2401 Colitur
1145 2366 1201 2400 die
1217 2375 1259 2400 11.
1276 2366 1450 2401 Novemb.
1497 2365 1659 2401 Breviar.
1676 2367 1770 2403 Scot.
