2060 2848
380 319 443 349 424
762 318 993 350 HISTORIA
1017 317 1388 350 ECCLESIASTICA

531 412 585 447 De
604 412 814 447 Primitivae
832 413 1012 447 Ecclesiae
1031 412 1125 456 apud
1142 411 1264 446 Scotos
1284 411 1479 446 Sanctitate
1545 412 1606 446 lib.
1627 421 1652 445 1.
1671 413 1767 456 quod

577 481 666 515 opus
690 469 843 504 Jacobus
870 469 1041 515 Langius,
1071 468 1282 503 Sorbonicus
1309 470 1441 509 doctor,
1469 468 1606 509 Scotus,
1633 469 1765 513 publici

572 528 666 573 juris
684 527 797 561 facere
814 527 928 560 voluit
943 540 953 570 3
984 538 1029 560 an
1046 526 1150 560 fidem
1168 527 1337 567 liberarit,
1357 526 1485 560 nescio.

431 584 533 618 Obiit
549 576 714 619 Lutetiae
732 596 825 618 anno
844 593 964 617 MDLI.
983 584 1040 617 die
1065 592 1140 617 XII.
1167 583 1280 623 Junii,
1307 584 1468 627 sepultus
1495 584 1534 617 in
1560 584 1644 617 aede
1668 595 1764 618 sacra

383 640 654 676 Carmelitarum
673 647 756 676 ante
773 653 872 676 aram
891 641 925 674 S.
948 641 1096 674 Niniani
1115 640 1222 674 Scoti-

756 753 919 789 DAVID
946 754 1257 788 KINEARDUS.
1311 756 1394 791 785.

382 868 520 902 DAVID
539 869 752 908 Kineardus,
770 868 847 902 Soc.
865 868 953 902 Jesu
970 868 1156 913 presbyter
1173 868 1253 912 pius
1272 872 1307 901 et
1325 868 1461 909 doctus,
1489 873 1530 903 ut
1547 869 1706 913 plerique
1724 880 1767 903 ex

382 927 442 959 illo
461 937 578 972 grege,
597 927 739 970 scripsit

526 983 581 1017 De
598 983 793 1018 vocatione
812 983 1063 1017 Ministrorum
1314 983 1375 1017 lib.
1397 993 1422 1017 Ι.

526 1039 582 1073 De
600 1039 760 1074 Ecclesia
1315 1040 1376 1074 lib.
1398 1050 1423 1074 Ι.

526 1096 581 1130 De
600 1096 837 1131 Sacramentis
1319 1098 1379 1132 lib.
1401 1107 1425 1131 1.

529 1153 583 1187 De
601 1154 726 1198 Capite
744 1153 923 1188 Ecclesiae
1318 1155 1379 1189 lib.
1399 1164 1425 1188 1.

430 1211 533 1246 Vivit
551 1211 666 1245 adhuc
683 1212 721 1244 in
739 1211 952 1250 Germanus,
971 1216 1006 1245 et
1023 1212 1183 1255 quotidie
1207 1212 1434 1256 popularium
1457 1223 1616 1252 suorum,
1643 1217 1684 1247 ut
1710 1224 1772 1246 au-

381 1269 449 1309 dio,
469 1269 575 1303 saluti
594 1269 734 1313 scriptis
752 1270 882 1308 studet,
900 1260 1033 1314 gravis,
1049 1269 1211 1314 diligens,
1230 1274 1265 1303 et
1279 1269 1393 1304 famae
1407 1281 1557 1316 magnae
1571 1270 1767 1316 theologus.

733 1382 896 1417 DAVID
924 1381 1282 1418 KYNALOCHUS.
1337 1382 1420 1421 786.

381 1498 519 1532 DAVID
539 1497 769 1543 Kynalochus
798 1497 906 1532 bonas
933 1501 1027 1531 artes
1054 1498 1091 1531 in
1117 1497 1319 1532 Germaniis
1343 1499 1478 1538 didicit,
1505 1499 1695 1544 docuitque
1721 1512 1771 1534 se-

382 1556 495 1589 cunda
513 1556 647 1601 ingenii
666 1555 772 1589 fama.
826 1554 918 1600 Ejus
937 1566 1013 1600 ego,
1041 1566 1059 1588 e
1082 1555 1205 1588 multis
1231 1566 1321 1599 quae
1348 1555 1469 1596 edidit,
1496 1567 1608 1600 pauca
1630 1561 1771 1590 tantum

381 1614 499 1647 videre
516 1613 629 1657 potui.

530 1670 584 1703 De
603 1669 839 1704 Generatione
859 1669 1028 1703 Hominis
1103 1669 1164 1702 lib.
1185 1678 1211 1702 Ι.
1229 1680 1318 1713 opus
1336 1669 1460 1715 ingens
1479 1674 1514 1704 et
1531 1681 1651 1716 grave,
1666 1681 1771 1705 versu

580 1727 744 1772 eleganti.

529 1784 584 1817 De
603 1784 740 1817 Morbis
759 1783 928 1827 Corporis
946 1784 1095 1818 humani
1613 1786 1673 1820 lib.
1694 1795 1720 1819 1.

530 1841 573 1875 In
592 1840 717 1875 Galeni
736 1845 771 1874 et
791 1840 1022 1884 Hippocratis
1040 1842 1132 1875 locos
1151 1840 1306 1875 difficiles
1326 1841 1526 1876 Comment.
1615 1843 1676 1876 lib.
1697 1851 1722 1876 Ι.

527 1899 571 1933 In
590 1900 737 1933 Petrum
765 1899 1029 1933 Goldmannum
1055 1897 1338 1944 Epigrammata,
1363 1904 1398 1933 et
1416 1898 1576 1944 Satyrae,
1595 1900 1656 1934 lib.
1678 1909 1705 1936 Ι,
1730 1906 1770 1934 ut

578 1957 694 1996 audio,
746 1957 1028 1996 venustissimae,
1071 1956 1268 1989 multorum
1310 1957 1474 1990 manibus
1518 1957 1770 1991 circumferun-

574 2019 645 2047 tur.

430 2071 532 2105 Vivit
551 2071 665 2104 adhuc
682 2070 800 2105 Alecti
818 2082 880 2105 seu
898 2071 1061 2111 Deidoni,
1082 2070 1143 2104 ubi
1161 2075 1278 2112 natus,
1298 2076 1333 2105 et
1350 2071 1562 2106 medicinam
1580 2072 1772 2106 liberaliter

380 2130 573 2163 multorum
593 2129 775 2162 commodo
793 2133 829 2163 et
847 2128 968 2162 fructu
985 2132 1134 2162 exercet.

713 2242 939 2278 JACOBUS
967 2241 1289 2277 KLELANDUS.
1344 2245 1425 2280 787.

380 2357 560 2390 JACOBUS
595 2356 801 2397 Klelandus,
835 2358 945 2392 nobili
981 2359 1056 2391 loco
1090 2362 1208 2397 natus,
1248 2358 1327 2391 duci
1367 2358 1538 2392 Leviniae
1571 2358 1768 2398 familiaris,

379 2414 486 2447 bonis
516 2414 629 2447 literis
660 2414 762 2455 serio,
792 2419 828 2449 et
851 2416 926 2449 sine
951 2414 1044 2455 fuco,
1073 2415 1168 2448 domi
1196 2419 1231 2449 et
1257 2415 1295 2449 in
1322 2414 1447 2449 Galliis
1474 2416 1624 2455 studuit,
1652 2417 1768 2449 aulam
