2060 2848
651 316 825 349 GENTIS
849 316 1125 355 SCOTORUM,
1149 317 1237 348 LIB.
1259 316 1341 348 XII.
1628 313 1692 346 469

314 415 426 448 viario
444 413 481 447 in
506 413 571 446 hoc
597 411 650 445 fas
676 415 767 445 esset
794 410 993 454 praedicere
1019 411 1127 444 tota.'’
1178 409 1297 443 Verba
1314 413 1398 442 sunt
1416 407 1518 442 Fabii
1537 408 1689 441 consulis

314 470 532 507 Ethelwerdi
551 468 733 502 Historiae
750 468 810 501 lib.
831 475 884 500 Ν.
903 478 985 512 pag.
1005 476 1175 501 CDXXCI.
1228 466 1345 500 Locus
1363 466 1401 498 in
1419 465 1610 504 Cornubia‚
1629 476 1691 498 seu

314 527 538 565 Cornwallia,
556 530 675 559 servat
689 525 857 569 appulsus
869 524 1074 558 memoriam
1087 534 1096 564 ;
1116 524 1221 557 silent
1232 528 1362 562 tamen,
1376 527 1418 556 ut
1431 523 1693 561 miraculorum,

312 585 363 618 ita
379 584 491 628 ipsius
509 583 578 616 viri
596 582 720 622 sancti,
745 593 818 615 non
835 582 978 615 annales
996 581 1102 614 modo
1119 580 1333 626 Anglorum‚
1359 580 1420 613 sed
1443 583 1478 613 et
1496 578 1691 613 Scotorum.

311 641 460 685 Scripsit

459 697 519 731 Ad
538 697 673 743 Regem
690 696 893 730 Aelfridum
1195 695 1255 729 lib.
1275 705 1300 729 1.

362 754 664 801 Peregrinabatur
681 765 773 788 anno
792 762 997 787 Deccxcn.
1049 753 1136 788 Dies
1154 754 1320 788 incertus.

736 869 771 903 S.
799 868 1138 903 MARNOKDUB.
1191 866 1276 902 886.

312 985 347 1019 S.
380 984 664 1024 MARNOKDUB,
700 994 762 1018 seu
793 983 1050 1022 Marnocduus,
1081 982 1228 1016 eremita
1256 982 1392 1023 Scotus,
1422 983 1460 1016 in
1489 983 1694 1017 occidentali

313 1042 414 1087 regni
433 1053 505 1081 ora,
523 1042 584 1075 ubi
603 1041 802 1086 ingentium
821 1041 898 1085 ejus
918 1040 1177 1079 beneficiorum,
1196 1044 1238 1073 ut
1255 1041 1505 1084 praesentium,
1520 1052 1582 1084 per
1596 1041 1697 1074 aedes

316 1110 432 1133 sacras
451 1103 486 1132 et
503 1110 592 1138 aras,
616 1098 788 1131 memoria
811 1098 920 1143 viget,
947 1097 1017 1131 fuit
1035 1096 1197 1130 Marnoei
1216 1096 1340 1130 Culdei
1366 1097 1570 1140 discipulus,
1596 1102 1637 1131 ut
1663 1097 1698 1130 in

315 1156 389 1189 vita
419 1156 507 1200 ejus,
535 1166 641 1199 quam
669 1154 918 1188 Veremundus
947 1154 1099 1198 scripsit,
1131 1158 1299 1197 apparet:
1325 1154 1375 1187 sie
1401 1164 1485 1187 vero
1513 1155 1628 1188 dictus
1656 1155 1700 1188 ab

314 1213 439 1247 habitu
466 1213 632 1256 corporis,
658 1212 760 1256 quasi
788 1212 980 1245 Marnocus
1004 1211 1139 1256 Niger3
1184 1211 1233 1244 sic
1251 1211 1345 1244 enim
1364 1211 1448 1244 olim
1467 1215 1575 1255 atque
1593 1212 1700 1245 etiam

314 1281 407 1304 nunc
433 1270 592 1303 montani
619 1269 732 1303 nostri
759 1268 865 1308 Scoti,
892 1280 955 1302 seu
986 1268 1251 1308 Hibernienses,
1279 1273 1321 1302 ut
1346 1273 1529 1308 vocantur,
1555 1269 1700 1302 nomina

315 1328 514 1371 imponunt.
567 1326 800 1370 Scriptorum,
819 1327 849 1360 si
867 1337 957 1370 quae
975 1326 1143 1364 ediderat,
1161 1326 1332 1359 memoria
1349 1326 1513 1359 exolevit.

362 1383 501 1417 Claruit
518 1383 696 1417 confessor
714 1394 806 1417 anno
825 1391 1014 1417 cccmnv.
1054 1382 1194 1416 Colitur
1208 1391 1331 1416 xxnl.
1346 1383 1544 1423 Februarii,
1558 1387 1599 1417 ut
1611 1394 1702 1417 nun-

313 1441 415 1474 dinae
433 1441 595 1485 probant.

773 1555 809 1589 S.
837 1555 1104 1590 MASORIUS.
1158 1558 1241 1593 887.

315 1669 350 1703 S.
379 1669 590 1704 MASORIUS
616 1670 712 1714 apud
737 1670 891 1703 insulam
919 1670 1082 1715 Sargiam
1109 1669 1318 1704 Britanniae
1347 1671 1485 1711 claruit,
1512 1683 1556 1706 ex
1581 1673 1701 1707 eadem

315 1728 498 1771 provincia
516 1732 626 1767 ortus,
653 1728 769 1761 socius
787 1726 822 1760 S.
842 1727 1059 1771 Sanipsonis,
1077 1727 1242 1761 Dolensis
1268 1728 1433 1772 episcopi.
1487 1729 1615 1764 Petrus
1641 1731 1700 1764 lib.

318 1793 373 1818 IX.
393 1784 506 1818 Catal.
526 1793 612 1818 0111.
656 1785 781 1830 Sargia
799 1789 918 1818 autem
936 1789 990 1818 est
1007 1785 1100 1818 inter
1117 1785 1282 1824 Orcades,
1309 1791 1351 1819 ut
1374 1786 1549 1820 existimo.
1605 1787 1704 1821 Non-

316 1842 406 1874 nulli
429 1841 524 1875 hunc
543 1841 759 1887 Maglorium
787 1846 938 1881 vocant3
971 1841 1008 1874 in
1034 1842 1089 1875 his
1115 1845 1169 1876 est
1195 1841 1336 1882 Uvion;
1368 1843 1429 1876 sed
1454 1844 1571 1877 nescio
1596 1855 1702 1888 quam

315 1903 419 1932 recte.

365 1954 506 1989 Floruit
523 1955 589 1989 sub
606 1966 740 1989 annum
760 1964 945 1989 Derxxx.

759 2068 794 2102 S.
822 2068 1116 2103 MACRIRIUS.
1171 2071 1255 2103 888.

315 2183 351 2217 S.
383 2183 630 2223 MACR1R1US,
663 2183 847 2227 episcopus
876 2183 913 2216 in
943 2182 1072 2222 Scotia,
1103 2188 1138 2217 et
1168 2184 1310 2228 quidem
1342 2184 1558 2226 Sodorensis,
1593 2198 1636 2220 ex
1663 2199 1703 2221 ea

315 2241 451 2274 familia
477 2251 569 2284 quae
602 2241 707 2274 etiam
739 2251 834 2274 nunc
863 2240 967 2274 hodie
993 2245 1164 2284 superest,
1190 2246 1225 2275 et
1252 2242 1289 2275 in
1319 2243 1496 2276 montanis
1523 2244 1607 2278 locis
1633 2256 1704 2279 non

316 2297 463 2331 minima
492 2298 702 2331 auctoritate
733 2302 769 2331 et
798 2297 1047 2342 praerogativa
1075 2299 1195 2341 pollet,
1228 2310 1320 2333 unus
1350 2311 1471 2333 eorum
1502 2302 1703 2336 antistitum

315 2354 395 2394 fuit,
422 2365 511 2398 quos
537 2354 573 2388 S.
593 2354 743 2388 Maurus
770 2355 915 2388 comites
940 2354 1037 2388 dedit
1062 2354 1098 2389 S.
1118 2354 1271 2390 Ursulae
1288 2356 1379 2390 filiae
1400 2368 1483 2391 suae
1499 2369 1578 2392 cum
1596 2359 1703 2405 virgi-

314 2423 381 2445 nea
411 2411 553 2446 cohorte
582 2410 813 2456 profecturae,
844 2416 885 2445 ut
918 2411 1076 2456 loquitur
1106 2411 1236 2447 Petrus
1267 2413 1327 2447 lib.
1356 2422 1411 2448 1x.
1440 2426 1515 2459 cap.
1543 2425 1701 2449 xxevu.

992 2478 1016 2502 T
