2060 2848
375 327 439 358 532
755 325 987 359 HISTORIA
1011 325 1386 359 ECCLESIASTICA

378 432 449 466 quo
479 420 618 454 nullum
645 420 683 454 in
711 424 787 455 tota
818 420 954 467 Anglia
983 421 1183 455 sanctitatis
1221 421 1397 465 opinione,
1428 425 1491 455 aut
1521 422 1776 456 monachorum

377 478 666 512 doctissimorum
680 489 840 518 numero,
853 478 1018 512 nobilius.
1055 477 1205 522 Scripsit
1218 479 1396 522 pleraque,
1411 482 1453 512 ut
1465 479 1503 512 in
1518 478 1777 524 Polychronico

378 535 516 570 Scotico
534 539 587 569 est
604 535 665 570 lib.
686 544 740 569 IV.
760 546 836 580 cap.
855 544 930 569 ΧΠ.
949 535 1010 570 sed
1028 535 1149 570 omnia
1165 535 1391 575 interierunt,
1409 540 1552 580 praeter

527 591 583 626 De
601 591 688 627 Vita
704 593 865 627 solitaria
1312 593 1373 627 lib.
1394 602 1420 627 1.

425 650 568 685 Floruit
585 660 678 684 anno
696 658 842 684 DLXIV.
894 648 1113 684 Stultissime
1130 649 1292 696 Anglum
1310 649 1396 684 facit
1415 649 1592 686 Pitsaeus.

822 763 858 798 S.
882 761 1171 797 PRAXEDES.
1225 765 1332 797 1008.

376 879 411 913 S.
432 879 669 919 PRAXEDES,
687 878 760 912 filia
778 877 948 911 Claudiae
966 877 1090 911 Scotae
1108 878 1151 911 de
1168 888 1240 922 qua
1259 877 1316 923 egi
1334 878 1397 912 lib.
1414 887 1475 912 111.
1489 889 1600 923 supra
1616 880 1682 914 hoc
1695 891 1776 925 ope-

375 948 423 977 re,
450 942 486 971 et
512 936 548 970 S.
580 935 765 976 Pudentis,
792 935 965 969 senatoris
992 934 1160 975 Romani,
1191 945 1293 969 soror
1318 934 1378 969 SS.
1403 935 1549 976 Novati,
1579 936 1774 976 Timothei,

376 999 411 1028 et
430 993 687 1028 Pudentianae.
731 992 787 1026 De
805 1003 846 1026 ea
863 992 914 1026 sic
932 992 1236 1038 Martyrologium
1255 991 1462 1027 Romanum
1481 993 1539 1028 die
1556 1002 1645 1028 XXJ.
1660 993 1683 1028 J
1686 995 1750 1029 ulii
1766 1005 1776 1028 τ

376 1056 397 1071 “
415 1052 553 1086 Romae
571 1050 607 1085 S.
628 1050 801 1084 Praxedis
819 1050 982 1095 virginis,
1011 1061 1102 1094 quae
1128 1049 1166 1083 in
1189 1049 1286 1083 omni
1304 1050 1469 1084 castitate
1491 1055 1527 1085 et
1551 1052 1628 1098 lege
1651 1052 1775 1087 divina

376 1110 526 1150 erudita,
545 1108 679 1154 vigiliis
697 1111 804 1152 atque
823 1107 1046 1141 orationibus
1068 1111 1105 1141 et
1125 1107 1275 1152 jejuniis
1302 1107 1444 1142 assidue
1470 1119 1612 1150 vacans,
1638 1110 1775 1154 quievit

374 1167 413 1200 in
431 1166 586 1205 Christo,
606 1165 815 1209 sepultaque
832 1168 887 1198 est
900 1164 1009 1209 juxta
1026 1175 1182 1198 sororem
1201 1175 1303 1198 suam
1317 1164 1581 1200 pudentianam
1595 1166 1666 1201 Via
1680 1167 1775 1202 Sala-

373 1224 459 1258 1·ia.”
494 1223 609 1257 Addit
620 1222 664 1256 iis
677 1221 804 1255 Franc.
824 1221 1056 1267 Maurolycus
1072 1221 1308 1267 Martyrolog.
1328 1223 1450 1256 eodem
1464 1223 1538 1257 die:
1558 1228 1579 1243 “
1592 1223 1775 1270 officioque

374 1293 459 1328 erga
476 1290 648 1326 pauperes
666 1279 890 1313 exercitata.”
926 1278 969 1312 Id
982 1278 1065 1312 Ado
1079 1277 1306 1313 Trevirensis
1320 1280 1513 1324 explicans,
1530 1280 1653 1314 eodem
1667 1282 1723 1316 die
1737 1283 1775 1316 in

373 1338 646 1384 Martyrologio,
664 1337 716 1371 ait
733 1347 811 1370 eam
830 1340 852 1355 “
869 1347 973 1370 omne
991 1335 1149 1369 defuncti
1167 1336 1280 1379 patris
1298 1336 1557 1380 patrimonium
1580 1337 1618 1370 in
1641 1349 1774 1383 paupe-

374 1407 430 1430 res
449 1394 645 1441 erogasse.''
695 1393 820 1428 Vitam
838 1393 916 1438 ejus
934 1393 1104 1437 scriptam
1121 1392 1224 1426 aiunt
1241 1404 1263 1426 a
1280 1393 1429 1427 Pastore
1447 1395 1602 1438 quodam
1630 1395 1775 1441 presby-

374 1458 462 1493 tero,
481 1453 543 1497 qui
561 1463 639 1486 eam
658 1451 838 1496 sepelivit:
862 1450 1005 1495 quando
1022 1449 1132 1495 hujus
1150 1460 1280 1484 nomen
1295 1450 1333 1484 in
1351 1449 1387 1484 S.
1406 1451 1452 1485 R.
1470 1450 1515 1484 E.
1535 1451 1683 1486 titulum
1700 1464 1775 1487 car-

373 1510 577 1545 dinalitium
607 1508 726 1549 iverit,
755 1509 858 1542 docet
883 1507 1037 1541 historia
1061 1506 1139 1541 MS.
1166 1518 1258 1552 quae
1284 1507 1323 1541 in
1348 1507 1524 1542 Vaticana
1550 1508 1775 1545 Bibliotheca

373 1572 589 1607 asservatur,
609 1570 646 1601 et
663 1566 708 1601 ab
721 1564 964 1600 eruditissimo
982 1564 1141 1599 Baronio
1158 1565 1340 1605 laudatur,
1354 1565 1500 1600 laudato
1519 1565 1773 1613 Martyrologii

375 1624 529 1660 Romani
547 1624 635 1658 loco.

780 1738 816 1773 S.
846 1737 1202 1773 PUDENTIANA.
1257 1741 1362 1777 1009.

375 1858 410 1890 S.
430 1856 726 1894 PUDENTlANA‚
744 1858 786 1888 ut
811 1854 891 1888 vult
914 1853 1217 1900 Martyrologium
1241 1853 1446 1888 Romanum
1474 1854 1531 1888 die
1555 1864 1643 1889 XIX.
1670 1855 1772 1896 Maii,

375 1925 437 1948 seu
455 1913 680 1952 Potentiana,
704 1916 748 1945 ut
772 1911 833 1945 alii
857 1911 1007 1950 malunt,
1032 1910 1246 1951 Galesinius,
1270 1910 1513 1956 Maurolycus,
1537 1911 1620 1946 Ado
1647 1912 1772 1948 Trevi-

374 1971 499 2011 rensis,
518 1975 553 2004 et
571 1969 759 2004 Usuardus
778 1968 900 2002 eodem
925 1968 992 2008 die,
1020 1968 1092 2002 filia
1117 1967 1287 2002 Claudiae
1313 1967 1450 2009 Scotae,
1477 1980 1577 2003 soror
1603 1969 1639 2004 S.
1658 1971 1773 2006 Prax-

374 2029 459 2063 edis.
485 2027 605 2063 Verba
616 2027 853 2072 Martyrolog.
869 2031 953 2060 sunt
968 2036 977 2060 ε
996 2030 1018 2045 “
1032 2025 1168 2060 Romae
1182 2025 1332 2060 Sanctae
1346 2026 1591 2061 Pudentianae
1606 2028 1769 2074 virginis,

375 2098 465 2130 quae
482 2090 563 2131 post
580 2085 787 2119 innumeros
805 2095 949 2130 agones,
973 2088 1054 2128 post
1076 2084 1273 2117 multorum
1298 2088 1501 2129 martyrum
1523 2085 1772 2120 venerabiliter

376 2144 551 2178 exhibitas
569 2143 781 2187 sepulturas,
799 2146 882 2186 post
899 2152 1020 2176 omnes
1038 2141 1226 2175 facultates
1243 2152 1326 2175 suas
1348 2152 1414 2186 pro
1440 2141 1585 2177 Chr-isto
1608 2144 1771 2187 pauperi-

375 2201 440 2234 bus
469 2204 644 2246 erogatas,
672 2200 817 2233 tandem
845 2199 888 2232 de
915 2199 1021 2233 terris
1048 2198 1221 2244 migravit
1249 2199 1294 2232 ad
1324 2197 1472 2233 coelos.'’
1523 2198 1633 2234 Gesta
1662 2200 1770 2233 etiam

375 2259 484 2303 hujus
511 2257 603 2291 idem
630 2257 759 2291 Pastor
784 2256 972 2301 presbyter
999 2260 1167 2296 recenset,
1194 2261 1230 2291 et
1256 2256 1488 2290 Mombritius
1511 2261 1597 2290 tom.
1622 2264 1665 2290 11.
1693 2255 1769 2291 Vit.

377 2315 438 2350 SS.
458 2319 493 2349 et
510 2315 594 2358 quia
619 2325 691 2348 non
717 2313 822 2348 Scota
843 2318 908 2354 est,
932 2314 994 2347 sed
1017 2313 1142 2347 Scotae
1166 2317 1307 2348 tantum
1329 2313 1413 2354 filia,
1438 2313 1635 2359 longiorem
1661 2313 1703 2348 de
1732 2326 1773 2348 ea

377 2382 574 2407 sermonem
592 2382 663 2405 non
681 2371 837 2416 produco
852 2382 862 2412 ;
893 2371 956 2415 qui
974 2372 1079 2410 volet,
1098 2371 1214 2406 fontes
1232 2371 1328 2415 ipsos
1345 2371 1459 2405 adeat.

424 2427 566 2464 Floruit
584 2428 669 2464 haec
686 2439 768 2463 cum
785 2428 916 2464 sanctis
935 2428 1009 2463 suis
1026 2429 1206 2474 germanis
1223 2428 1316 2463 circa
1332 2438 1466 2463 annum
1484 2436 1549 2462 xc.
