2060 2848
696 259 869 292 GENTIS
893 259 1167 296 SCOTORUM,
1193 259 1280 292 LIB.
1306 260 1405 292 XIX.
1678 258 1741 289 643

507 353 576 387 Sed
594 352 636 386 de
653 363 738 387 vero
755 353 924 396 scriptore
941 353 1035 387 vitae
1052 353 1159 398 hujus
1178 353 1303 398 ingens
1320 352 1526 395 disceptatio
1544 356 1579 385 et
1602 352 1737 386 dubita·

559 410 610 443 tio
626 413 703 443 est:
729 410 773 443 de
797 409 943 454 prologo
968 420 1012 442 ex
1037 420 1112 453 cap.
1140 417 1166 442 1.
1192 414 1228 443 et
1252 419 1327 453 cap.
1352 417 1390 442 v.
1416 412 1517 441 notat
1535 406 1737 451 Christoph.

560 466 751 500 Browerus
768 465 854 499 Not.
873 466 917 498 ad
933 465 1054 499 Vitam
1074 465 1109 498 S.
1129 464 1292 510 Gregorii
1310 475 1390 510 pag.
1410 473 1497 498 ΧΙΧ.

513 522 568 556 De
585 521 672 556 Vita
688 521 724 556 S.
742 521 951 566 Walpurgis
969 521 1107 555 Sororis
1120 521 1180 555 lib.
1201 520 1480 564 1.-Utrumque
1493 531 1581 565 opus
1594 521 1739 559 interiit,

557 583 651 612 certe
668 582 834 612 neutrum
852 578 995 622 prodiit,
1018 578 1100 612 licet
1117 577 1294 612 Gesnerus
1312 578 1350 611 in
1369 577 1589 613 Bibliotheca
1611 582 1646 611 et
1671 579 1741 621 epi-

559 640 727 670 tomastes
757 636 834 680 ejus
864 635 1034 669 Simlerus
1067 636 1199 669 librum
1230 635 1272 669 de
1301 633 1388 669 Vita
1416 634 1592 668 Bonifacii
1623 639 1740 668 extare

559 697 696 737 putent,
724 703 803 726 cum
828 693 876 726 sit
899 703 920 725 a
937 692 1041 726 Surio
1067 692 1162 726 edita
1188 692 1254 725 sub
1278 692 1419 725 nomine
1445 691 1623 736 anonymi.
1675 691 1741 724 Re-

560 761 644 784 vera
669 754 792 783 auctor
816 749 864 783 sit
890 749 1067 782 Othlonus
1094 748 1292 788 Fuldensis,
1318 752 1361 782 ut
1383 748 1468 787 dixi,
1495 752 1557 782 aut
1581 747 1617 782 S.
1645 746 1741 782 Lud-

557 817 674 852 gerus.
726 805 875 849 Scripsit

509 863 691 908 Epistolas
709 863 753 896 ad
772 862 894 896 Scotos
911 867 946 896 et
964 861 1157 896 Britannos
1341 861 1400 895 lib.
1422 871 1446 895 1.

509 919 690 963 Epistulas
708 919 753 952 ad
771 918 983 964 Gregorium
1002 918 1138 962 Papam
1156 917 1225 952 III.
1342 918 1402 952 lib.
1423 927 1448 951 1.

509 975 690 1020 Epistulas
708 976 753 1009 ad
771 975 976 1009 Zachariam
995 975 1129 1018 Papam
1344 975 1405 1009 lib.
1425 983 1449 1008 1.

411 1032 520 1067 Venit
549 1043 593 1065 ex
622 1031 741 1066 Scotia
767 1032 861 1065 circa
889 1042 1021 1065 annum
1049 1039 1213 1064 Dccxm.
1265 1030 1497 1065 consecratus
1525 1035 1577 1065 est
1605 1031 1738 1075 primus

362 1088 576 1123 Eistatensis
594 1088 742 1122 antistes
761 1098 853 1121 anno
871 1094 1083 1121 DCCXLVH.
1120 1087 1290 1121 Herman.
1306 1087 1485 1122 Contract.
1499 1088 1537 1121 in
1550 1087 1682 1121 Chron.
1696 1090 1739 1121 ad

361 1156 442 1180 eum
460 1156 604 1179 annum.
657 1145 758 1179 Obiit
775 1156 868 1179 anno
887 1153 1031 1178 DCCLv.
1080 1143 1257 1178 Baronius
1276 1149 1311 1178 et
1329 1145 1389 1178 alii
1406 1145 1641 1178 consentiunt.

664 1259 699 1293 S.
727 1257 1071 1292 WUNIBALDUS
1095 1257 1176 1291 AB.
1202 1257 1281 1291 AP.
1335 1260 1438 1296 1159.

362 1381 384 1395 “
401 1375 437 1409 S.
457 1375 756 1412 WUNIBALDUS,
782 1372 893 1406 frater
918 1372 955 1406 S.
973 1372 1171 1406 Willibaldi
1195 1372 1348 1416 episcopi
1374 1372 1598 1413 Eistatensis,
1626 1374 1740 1407 socius

362 1431 656 1478 peregrinationis
674 1431 761 1476 ejus,
780 1430 925 1463 veniens
943 1440 1022 1463 cum
1040 1440 1080 1463 eo
1098 1433 1178 1473 post
1199 1430 1330 1463 multos
1355 1429 1490 1463 labores
1515 1430 1559 1463 ad
1581 1429 1741 1464 Montem

362 1489 544 1527 Casinum,
566 1491 601 1521 et
618 1487 749 1521 ibidem
766 1486 959 1520 monachus
977 1485 1132 1525 effectus,
1150 1486 1272 1520 multis
1289 1487 1416 1520 claruit
1441 1486 1666 1526 virtutibus‚’'
1692 1488 1741 1520 ait

363 1545 584 1579 Trithemius
605 1544 665 1578 lib.
685 1552 745 1577 111.
764 1543 807 1576 (le
823 1542 902 1577 Vir.
921 1542 1086 1577 illustrib.
1106 1543 1193 1576 Ord.
1212 1542 1248 1576 S.
1267 1543 1461 1577 Benedicti.
1514 1542 1640 1577 Petrus
1658 1543 1743 1577 Cra-

362 1602 467 1646 tepol.
496 1602 538 1635 de
556 1601 617 1634 SS.
637 1600 756 1634 Germ.
784 1610 864 1644 pag.
884 1608 1005 1633 CXLV.
1033 1604 1054 1618 ‘⁶
1072 1599 1107 1633 S.
1132 1598 1377 1640 winebaldus,
1401 1600 1537 1644 primus
1560 1602 1741 1644 episcopus

364 1657 588 1696 Eistetensis,
600 1657 710 1690 frater
723 1656 759 1690 S.
771 1656 979 1690 Wunibaldi
994 1667 1033 1689 ac
1047 1655 1264 1701 Walpurgis‚
1280 1656 1436 1690 Scotus.'’
1463 1656 1743 1702 Magdebmgen-

363 1726 417 1748 ses
436 1714 537 1748 Cent.
559 1723 648 1747 vul.
666 1724 740 1757 cap.
761 1722 801 1746 x.
829 1717 850 1731 “
867 1711 917 1745 W
918 1713 1116 1752 umbaldus,
1136 1713 1247 1746 frater
1264 1713 1445 1747 Wilibaldi
1472 1712 1647 1747 Eistensis
1673 1715 1742 1757 epi-

364 1772 470 1815 scopi,
490 1771 534 1804 ad
558 1769 783 1803 Bonifacium
806 1769 914 1807 venit,
940 1769 1042 1812 eique
1067 1780 1181 1803 comes
1206 1774 1242 1803 et
1266 1770 1380 1803 socius
1406 1769 1475 1803 fuit
1492 1770 1530 1802 in
1547 1770 1741 1804 deforman-

363 1828 417 1860 dis
456 1827 608 1860 ecclesiis
645 1825 898 1859 Germanicis.”
957 1825 1070 1868 Atqui
1109 1825 1160 1858 illi
1199 1827 1384 1869 populares
1422 1830 1556 1859 vestros
1590 1838 1611 1859 a
1644 1828 1741 1860 cultu

365 1885 503 1927 impuro
522 1883 694 1916 idolorum
720 1882 764 1915 ad
789 1892 909 1914 veram
936 1880 1070 1914 Christi
1088 1881 1191 1915 fidem
1217 1882 1483 1925 perduxerunt3
1511 1882 1651 1916 hoccine
1677 1888 1739 1921 est,

364 1940 503 1974 sectarii
522 1938 727 1983 propudiosi
744 1942 779 1971 et
805 1938 916 1982 impii,
944 1938 1103 1971 ecclesias
1129 1938 1353 1972 deformare?
1405 1937 1495 1971 Vide
1520 1950 1609 1982 quae
1634 1950 1739 1983 supra

363 1999 399 2031 in
426 1993 630 2029 Willibaldo
647 1998 731 2028 sunt
747 1994 851 2028 dicta.

411 2053 534 2087 Vitam
553 2052 660 2096 hujus
678 2051 790 2085 nostri
808 2051 919 2085 sancti
938 2052 1122 2095 descripsit
1143 2051 1361 2096 Reginaldus
1382 2060 1440 2084 XI.
1470 2052 1652 2096 episcopus
1679 2050 1741 2085 Ei.

364 2109 541 2149 statensis,
572 2109 633 2142 sed
659 2119 730 2142 non
755 2108 910 2152 prodiit3
941 2112 977 2142 et
1004 2108 1166 2142 monialis
1195 2108 1367 2151 quaedam
1392 2118 1568 2152 anonyma
1592 2120 1636 2142 ex
1666 2120 1740 2143 coe-

364 2167 469 2201 nobio
501 2165 823 2204 Heidenheimensi,
861 2175 966 2208 quam
998 2164 1175 2198 Henricus
1213 2164 1376 2198 Canisius
1411 2165 1614 2209 publicavit,
1653 2170 1737 2200 tom.

368 2232 419 2256 lv,
438 2222 630 2266 Antiquar.
650 2221 748 2255 Lect.
766 2232 847 2266 pag.
867 2229 976 2254 DCVI.
1028 2220 1147 2266 Hujus
1165 2222 1262 2255 nulla
1278 2221 1410 2256 mentio
1435 2222 1472 2254 in
1498 2221 1626 2255 tabulis
1645 2222 1741 2256 Mar—

366 2279 533 2324 tyrologii
577 2278 741 2317 Romani,
780 2278 842 2311 sed
880 2278 1046 2311 recolitur
1087 2289 1109 2311 a
1147 2277 1267 2323 Belgis
1300 2278 1464 2323 religiosa
1497 2279 1573 2324 ejus
1611 2290 1740 2313 memo-

366 2338 419 2370 ria
446 2337 501 2369 die
527 2344 644 2369 xvnl.
671 2334 883 2369 Decembris.
936 2333 1090 2368 Joannes
1109 2333 1273 2368 Molanus
1291 2334 1328 2368 in
1347 2334 1506 2369 Indiculo
1532 2335 1593 2369 SS.
1613 2335 1738 2380 Belgii,
