2060 2848
677 320 853 354 GENTIS
877 321 1153 361 SCOTORUM,
1178 322 1266 355 LIB.
1292 323 1386 355 XVI.
1643 323 1726 355 *563

491 413 690 449 Historiam
709 414 848 449 Scotiae
865 415 926 449 lib.
946 424 971 449 1.
998 415 1189 450 Fordunus
1206 416 1394 460 utriusque
1411 416 1526 460 operis
1548 417 1719 451 meminit.

391 470 542 505 Romam
585 471 764 516 profectus
807 477 860 506 est
902 483 995 506 anno
1039 480 1193 507 MCCXV.
1258 472 1358 507 Obiit
1401 473 1588 507 cardinalis
1631 485 1722 507 anno

342 535 512 561 Mccxm.

806 641 1024 677 REUTHA
1048 643 1093 677 R.
1147 641 1252 678 1065.

339 755 518 789 REUTHA
536 766 610 796 rex,
636 762 870 802 cognomento
892 747 1100 796 Nathacius,
1124 756 1296 800 patruelis
1321 756 1506 797 Reutheri,
1533 757 1570 790 in
1596 768 1719 803 regum

338 813 552 846 nostratium
587 813 854 847 nomenclatura
889 813 1082 859 legitimuS‚
1116 813 1295 847 nundinas
1330 813 1499 854 instituit,
1535 815 1720 859 pecuniam

336 869 473 913 primus
504 880 549 903 ex
578 870 673 903 corio
702 870 870 915 signavit,
899 869 1085 913 sepulchra
1112 881 1234 904 eorum
1260 870 1321 915 qui
1348 869 1489 904 fortiter
1514 882 1579 915 pro
1605 872 1720 915 patria

336 925 491 970 egissent
507 926 752 970 pyramidibus
770 933 804 960 et
822 927 982 961 obeliscis
1000 926 1166 961 honorari
1185 927 1309 961 voluit.
1361 927 1509 971 Scripsit

485 982 684 1017 Historiam
703 982 827 1017 Gentis
846 994 930 1018 suae
1219 983 1279 1016 lib.
1301 992 1325 1017 1.
1425 987 1429 991 ’

482 1039 823 1074 Medicamentorum
841 1040 1003 1074 Canones
1220 1040 1282 1074 lib.
1302 1049 1327 1074 1.
1379 1039 1472 1074 Eam
1507 1048 1618 1075 artem
1655 1042 1719 1075 im-

531 1096 675 1139 pensius
694 1097 814 1136 coluit,
839 1101 874 1130 et
891 1097 953 1130 diu
979 1101 1060 1130 ante
1087 1096 1266 1130 Romanos
1292 1097 1433 1141 scriptis
1459 1098 1598 1137 extulit,
1620 1109 1718 1142 prae-

530 1158 585 1187 ter
602 1154 746 1187 annales
763 1157 939 1187 nostrates
964 1152 1127 1188 Paschali
1149 1152 1253 1187 Gallo
1270 1158 1434 1195 auctore3
1462 1158 1497 1188 et
1522 1154 1736 1188 Bibliothe-·

532 1221 572 1243 ca
603 1209 744 1243 Medica
774 1209 876 1244 illum
910 1210 1004 1244 inter
1037 1211 1225 1256 scriptores
1255 1211 1448 1245 medicinae
1478 1213 1588 1245 claros
1620 1222 1717 1255 repo-

529 1267 595 1300 nit.
1427 1262 1429 1264 ¹

383 1323 491 1357 Anno
510 1323 610 1369 regni
627 1323 683 1357 sui
703 1332 789 1358 XIV.
807 1328 933 1369 sponte
950 1335 987 1358 se
1010 1324 1175 1358 abdicans
1193 1325 1287 1359 vitae
1305 1325 1468 1369 privatae
1485 1336 1523 1359 se
1541 1325 1714 1364 reddidit;

335 1392 483 1426 regnum
514 1380 655 1414 Thereo
684 1380 758 1415 filio
788 1380 981 1416 Reutheris
1012 1381 1171 1426 legitimo
1198 1381 1318 1415 heredi
1347 1382 1490 1426 reliquit
1517 1393 1609 1415 anno
1635 1386 1716 1415 aute

333 1437 532 1473 Assertoris
550 1438 662 1472 nostri
681 1437 719 1471 in
736 1448 877 1472 carnem
894 1438 1088 1472 adventum
1106 1445 1259 1471 CLXXV.

785 1552 821 1586 S.
849 1550 1107 1586 ROMANUS.
1162 1550 1267 1585 1066.

331 1666 366 1699 S.
389 1666 606 1707 ROMANUS,
626 1666 684 1700 vel
702 1665 910 1705 Romianus,
929 1665 972 1699 de
988 1676 1060 1710 quo
1073 1674 1110 1699 v.
1130 1674 1192 1699 cn.
1207 1665 1264 1700 Jo.
1283 1665 1488 1699 Gualterius
1508 1666 1713 1700 Chronicmu

334 1723 371 1755 in
402 1722 623 1756 Bibliotheca
653 1722 715 1756 SS.
746 1722 926 1756 minorum
957 1721 1107 1757 Patrum
1141 1734 1222 1768 pag.
1257 1731 1487 1756 nccccxcn.
1539 1727 1561 1742 “
1586 1722 1716 1756 Roma-

333 1789 399 1812 nus
417 1779 614 1823 presbyter,
631 1779 776 1813 natione
788 1777 950 1813 Scotus.”
984 1778 1085 1813 Beda
1098 1779 1158 1813 lib.
1175 1788 1236 1813 111.
1252 1779 1348 1813 Hist.
1363 1778 1497 1814 Eccles.
1516 1779 1716 1825 Anglorum

331 1846 407 1879 cap.
427 1844 525 1869 XXV.
553 1839 575 1855 ‘⁴
594 1835 662 1870 His
688 1835 906 1880 temporibus
931 1836 1092 1879 quaestio
1109 1835 1204 1870 facta
1222 1844 1274 1870 est
1292 1835 1457 1879 frequens
1476 1841 1512 1870 et
1528 1847 1657 1881 magna
1674 1837 1716 1869 de

332 1892 578 1926 observatione
608 1891 775 1932 Paschae,
805 1891 1097 1926 confirmantibus
1127 1892 1177 1926 eis
1207 1892 1269 1936 qui
1298 1893 1341 1926 de
1367 1892 1495 1926 Cantia
1519 1894 1574 1926 vel
1601 1892 1716 1926 Gallia

332 1953 513 1987 venerant,
544 1948 639 1993 quod
669 1948 765 1983 Scoti
795 1948 1014 1982 dominicum
1044 1948 1201 1982 Paschae
1231 1949 1325 1982 diem
1355 1953 1477 1982 contra
1505 1949 1714 1982 universalis

330 2006 494 2040 ecclesiae
511 2016 645 2039 morem
658 2005 886 2039 celebrarent.
931 2004 1023 2038 Erat
1036 2005 1073 2038 in
1085 2005 1142 2039 his
1155 2006 1347 2039 acerrimus
1367 2016 1468 2039 verae
1483 2005 1638 2039 Paschae
1657 2007 1714 2039 ‹le-

331 2063 460 2102 fensor,
474 2062 616 2096 nomine
629 2062 824 2101 Romanus,
837 2062 981 2096 natione
998 2061 1141 2105 quidem
1155 2061 1290 2100 Scotus‚
1305 2062 1415 2095 sedin
1427 2060 1562 2096 Galliae
1577 2063 1631 2096 vel
1646 2062 1717 2096 Ita-

332 2121 397 2153 liae
416 2119 576 2163 partibus
594 2119 737 2164 regulae
758 2118 1009 2152 ecclesiasticae
1035 2119 1195 2152 veritatis
1221 2118 1445 2152 observantia
1471 2119 1626 2158 edoctus,
1654 2120 1715 2163 qui

331 2187 410 2210 cum
443 2176 606 2209 Firmano
635 2173 826 2220 confligens
853 2176 984 2209 multos
1011 2180 1221 2215 correxerat,
1251 2180 1285 2209 et
1311 2176 1355 2208 ad
1381 2175 1597 2209 solertiorem
1627 2177 1717 2209 veri-

332 2234 417 2267 tatis
435 2232 700 2277 inquisitionem
727 2232 954 2271 accenderat;
985 2242 1206 2275 nequaquam
1231 2237 1348 2265 tamen
1373 2231 1577 2265 Finnanum
1600 2242 1716 2266 emen-

330 2290 412 2323 dare
437 2289 564 2333 potuit,
592 2288 679 2332 quin
705 2287 835 2332 potius,
861 2287 956 2332 quod
978 2292 1069 2321 esset
1091 2288 1196 2323 homo
1213 2288 1339 2322 ferocis
1357 2288 1479 2327 animi,
1500 2288 1714 2322 acerbiorem

329 2346 544 2390 castigando,
579 2350 613 2379 et
653 2349 814 2388 apertum
849 2344 1010 2378 veritatis
1045 2345 1286 2379 adversarium
1307 2345 1504 2392 *reddiditff'
1567 2344 1713 2388 Scripsit
