2118 2854
320 342 384 374 :346
712 337 944 371 HISTORIA
968 335 1342 369 ECCLESIASTICA

327 445 370 477 te,
398 441 433 471 et
459 435 611 470 Selvano
637 433 863 468 Rievallense
888 431 1025 471 abbate,
1051 435 1094 465 ut
1124 435 1248 465 narrat
1277 429 1443 476 Rogerus
1473 430 1516 464 de
1544 429 1718 464 Hoveden

324 494 457 528 Annal.
482 497 575 538 part.
596 500 639 526 11.
662 502 745 537 pag.
766 498 916 524 CCCLII.
968 488 1109 523 Extant
1126 487 1265 522 Urbani
1284 487 1353 522 III.
1373 488 1541 532 epistolae
1559 498 1666 532 super
1679 500 1719 522 ea

325 550 565 586 controversia
590 550 635 583 ad
660 547 896 582 Wilhelmum
922 557 1054 593 regem,
1082 551 1118 580 et
1147 546 1192 579 ad
1222 544 1435 586 Jocelinum,
1468 544 1719 579 Glascuensem

326 609 541 653 episcopum,
562 606 658 651 apud
675 606 826 640 eundem
844 616 926 651 pag.
946 612 1108 638 CCCLXI.
1127 607 1161 637 et
1180 602 1375 637 Clementis
1389 601 1459 637 III.
1479 602 1659 636 decretum
1674 603 1719 637 ad

326 665 577 699 Glascuensem
610 668 645 698 et
675 662 966 697 Aberdonensem
999 660 1177 695 antistites
1212 660 1383 694 recitatur
1413 660 1451 694 in
1482 660 1604 694 eodem
1636 671 1718 706 pag.

326 730 552 756 CCCLXVIII.
596 720 657 756 Ad
674 720 844 754 ultimum
861 720 977 765 gradu
995 717 1228 752 ecclesiastico
1246 717 1415 763 dejectus,
1434 722 1470 752 et
1483 718 1591 751 sacris
1610 717 1719 751 inter-

326 780 452 819 dictus,
468 779 621 813 Romam
636 777 809 812 concessit
820 788 833 815 ,·
850 781 886 811 et
899 775 1131 814 absolutione,
1149 774 1416 810 clementissimi
1429 774 1608 819 pontificis
1626 786 1718 809 com-

325 836 561 875 miseratione,
579 836 781 879 impetrata,
806 844 850 867 ex
868 837 967 877 peste
985 843 1065 865 cum
1083 835 1161 865 tota
1177 831 1315 866 familia
1332 832 1464 866 ibidem
1482 832 1549 866 loci
1568 831 1717 866 interiit.

326 894 423 927 Idem
441 904 522 938 pag.
542 899 718 926 CCCLXX.
770 889 919 934 Scripsit

423 961 431 970 ·
472 948 545 983 Pro
563 948 680 982 Causa
697 958 762 981 sua
779 947 823 980 ad
841 945 1067 991 Apostolicos
1268 944 1326 979 lib.
1346 954 1371 979 1.

374 1006 476 1040 Mota
494 1005 526 1038 ei
544 1004 786 1039 controversia
804 1014 897 1037 anno
913 1011 1141 1037 MCLXXXII.
1186 1002 1288 1037 Obiit
1305 1010 1580 1036 MCLXXXVIII.
1596 1013 1717 1038 mense

326 1064 505 1110 Augusto.
559 1061 673 1096 Silent
691 1061 861 1096 historiae
879 1064 1067 1094 nostrates.

872 1175 1026 1210 HUGO.
1080 1172 1164 1209 656.

325 1293 459 1334 Huoo,
477 1293 585 1328 abbas
603 1293 646 1327 de
664 1291 853 1332 Neubotle,
872 1295 1092 1326 memoratur
1108 1290 1147 1323 in
1171 1289 1285 1324 literis
1309 1289 1503 1325 Clementis
1523 1290 1593 1325 III.
1612 1303 1719 1337 super

323 1351 476 1397 negotiis
495 1349 644 1385 ,Ioannis
662 1350 817 1394 episcopi
837 1348 872 1383 S.
891 1348 1069 1383 Andreae.
1126 1347 1258 1394 Roger.
1278 1347 1454 1383 Hoveden
1472 1348 1605 1384 Annal.
1625 1355 1718 1394 part.

326 1418 366 1442 11.
386 1419 464 1453 pag.
483 1416 678 1442 CCCLxlx.

372 1465 513 1500 Floruit
531 1475 624 1499 anno
643 1472 920 1498 Mchxxvm.

734 1578 779 1613 Β.
808 1576 1171 1612 HEREBERTUS.
1225 1577 1308 1615 657.

325 1695 368 1729 B.
401 1694 695 1733 HEREBERTUS‚
726 1692 953 1728 Glascuensis
984 1693 1180 1737 episcopus,
1210 1697 1428 1728 memoratus
1459 1705 1480 1728 a
1507 1694 1649 1741 Rogero
1675 1696 1718 1729 de

327 1752 499 1786 Hoveden
516 1752 576 1786 lib.
598 1760 640 1785 11.
658 1762 740 1797 pag.
759 1759 995 1784 CCLXXXIII.
1022 1751 1164 1795 scripsit

474 1809 528 1843 De
547 1809 746 1843 Sumerledi
765 1807 871 1842 Motu
890 1812 926 1842 et
944 1807 1064 1843 Poena
1263 1808 1325 1843 lib.
1345 1818 1370 1842 1.

375 1866 514 1901 Claruit
531 1878 624 1901 anno
644 1874 819 1900 MQLX1V.

753 1980 797 2014 B.
825 1979 1152 2015 HERBERTUS.
1206 1979 1288 2015 658.

326 2098 368 2131 B.
390 2096 424 2130 H
430 2105 653 2138 ERRERTUS,
670 2097 767 2142 prior
782 2096 1086 2143 Coldinghamiae,
1101 2097 1362 2142 exemptionem
1376 2096 1595 2133 scotie-amm
1613 2102 1719 2134 eccle-

326 2155 457 2188 siarum
487 2154 531 2188 ab
558 2153 774 2189 Eboracensi
806 2153 1023 2198 impetravit.
1077 2153 1238 2199 Scripsit,
1268 2159 1311 2190 ut
1338 2160 1392 2190 est
1417 2157 1515 2201 apud
1544 2156 1717 2191 Hoveden

326 2222 405 2257 pag.
425 2220 557 2245 cccx1.

473 2268 528 2302 De
546 2268 664 2303 Paetis
682 2268 836 2303 Eboraci
853 2269 953 2305 initis
1080 2270 1141 2304 lib.
1163 2279 1187 2305 1.
1242 2270 1410 2306 Meminit
1428 2271 1618 2306 Fordunus
1638 2271 1716 2306 MS.

376 2325 514 2361 claruit
531 2337 625 2361 anno
644 2334 832 2361 MCLXXV.
