2060 2848
351 317 414 347 554
730 313 962 347 HISTORIA
986 312 1360 347 ECCLESIASTICA

750 465 786 501 S.
815 464 1091 502 RAPERTUS
1141 465 1194 499 M.
1249 466 1355 500 1040.

358 581 394 616 S.
414 581 648 621 RAPERTUS‚
667 581 742 615 sive
765 581 974 627 Ratpertus,
993 580 1187 615 monachus
1206 579 1242 614 S.
1261 579 1367 620 Galli,
1386 584 1421 617 et
1438 579 1578 614 scholae
1595 580 1658 614 diu
1678 591 1753 614 mo-

359 639 511 679 derator,
530 639 597 673 etsi
616 639 653 673 in
672 638 835 673 Indiculo
852 638 1040 673 Scotorum
1060 637 1282 681 Scriptorum
1301 637 1428 671 incerti
1446 637 1601 671 auctoris
1625 637 1753 672 Scotus

360 697 502 736 dicitur,
521 701 641 730 tamen
658 696 755 730 haud
773 700 869 730 certo
886 695 1102 734 affirmarim,
1121 694 1309 738 praecipue
1326 705 1408 728 cum
1426 693 1450 727 J
1452 694 1581 728 odocus
1607 694 1756 728 Metzle-

359 763 432 792 rus,
450 762 626 786 canonum
644 762 825 785 sacrorum
843 751 977 790 doctor,
996 754 1031 784 et
1044 750 1203 796 ejusdem
1217 750 1374 784 familiae
1386 750 1577 794 professor,
1592 751 1635 785 de
1648 756 1755 796 gente

360 808 451 843 nihil
468 809 584 842 dicat:
611 808 815 853 conjectura
831 812 952 841 tamen
969 811 1022 840 est
1039 818 1112 840 non
1128 808 1229 847 levis,
1246 807 1342 851 quod
1356 806 1563 841 fundatores
1579 812 1755 842 monaste-

360 866 495 900 riorum
513 864 636 899 Scotos
654 864 818 899 monachi
835 863 933 897 Scoti
956 864 1166 909 plerumque
1185 864 1307 904 secuti,
1334 868 1370 898 et
1394 864 1583 908 praecipue
1608 865 1647 898 in
1671 863 1757 898 Ger-

360 922 529 962 maniam,
547 922 649 968 cujus
667 921 823 968 regionis
841 931 968 961 mores,
986 920 1114 961 virtus,
1133 925 1241 966 atque
1258 932 1346 955 aura
1364 921 1444 966 ipsa
1465 932 1538 955 non
1562 926 1654 956 esset
1678 931 1758 955 nos·

360 979 514 1014 tratibus
532 979 705 1014 insuavis.
756 977 850 1024 Ejus
868 982 974 1012 sunt:

509 1036 676 1071 Litaniae
694 1036 755 1070 lib.
775 1045 801 1070 Ι.
820 1047 926 1070 versu
945 1046 1034 1080 quas
1052 1034 1223 1070 Nicolaus
1242 1029 1313 1069 111.
1333 1036 1570 1071 canonizavit.

509 1093 644 1129 Versus
662 1094 707 1128 ad
725 1093 973 1128 Processiones
990 1093 1051 1127 lib.
1073 1101 1098 1126 1.
1118 1091 1223 1126 MSS.
1242 1092 1280 1125 in
1298 1093 1515 1127 monasterio
1532 1092 1568 1127 S.
1589 1092 1694 1127 Galli.

512 1150 797 1197 Epigrammata,
815 1155 851 1185 et
869 1150 1040 1184 Poemata
1058 1150 1169 1190 varia,
1197 1150 1259 1184 lib.
1279 1159 1304 1184 1.
1331 1150 1427 1184 edita
1453 1161 1474 1184 a
1500 1150 1648 1185 Canisio
1671 1155 1757 1185 tom.

562 1217 599 1242 v.
617 1208 863 1253 Antiquarum
882 1207 1105 1242 Lectionum.
1219 1203 1221 1205 ¹

512 1266 652 1312 Hymni
669 1266 712 1300 de
730 1265 765 1299 S.
785 1265 888 1300 Gallo
1253 1264 1315 1299 lib.
1336 1274 1360 1299 1.

512 1323 651 1369 Hymni
670 1323 713 1357 de
730 1322 766 1357 S.
786 1322 962 1357 Othmaro
1196 1372 1198 1374 Ι
1254 1322 1315 1356 lib.
1336 1331 1361 1356 1.

511 1381 714 1415 Chronicon
732 1380 945 1414 Monasterii
1257 1380 1318 1415 lib.
1339 1388 1364 1414 Ι.

512 1438 599 1473 Vita
625 1438 660 1472 S.
688 1437 782 1472 Galli
809 1437 1006 1482 Rhythmis
1033 1437 1221 1472 Germanis
1248 1438 1308 1472 lib.
1338 1446 1364 1472 1.
1391 1449 1499 1483 quam
1530 1438 1759 1473 Eckerardus

560 1496 686 1543 junior
702 1495 872 1530 Latinam
890 1495 1057 1536 reddidit,
1075 1495 1113 1529 in
1131 1495 1267 1530 iambos
1284 1496 1423 1542 redegit
1439 1495 1464 1529 J
1466 1496 1596 1531 odocus
1615 1495 1761 1531 Metzle·

560 1565 623 1588 rus
640 1564 766 1598 nuper.
1086 1548 1089 1549 ⁷

414 1612 516 1647 Obiit
529 1612 623 1646 inter
636 1610 875 1656 quadraginta
889 1609 1092 1655 discipulos,
1110 1610 1240 1654 quibus
1254 1610 1411 1645 animam
1426 1622 1527 1645 suam
1541 1612 1762 1646 commenda-

365 1671 430 1710 vit,
448 1681 542 1704 anno
560 1675 852 1703 DCCCLXXXIII.
871 1661 1088 1702 et'eensetu'r
1101 1669 1233 1702 sanctis
1251 1669 1555 1717 annumerandus,
1575 1669 1655 1704 licet
1669 1680 1762 1703 mar-

366 1728 544 1774 tyrologia
562 1726 683 1761 omnia
699 1726 839 1760 sileant.
890 1724 914 1759 J
916 1726 1046 1760 odocus
1064 1725 1271 1760 Metzlerus.

749 1839 786 1874 S.
813 1838 1113 1874 RICHARDUS
1164 1839 1215 1874 M.
1270 1842 1377 1875 1041.

369 1960 404 1992 S.
440 1956 698 1997 RICHARDUS,
733 1959 968 2002 cognomento
1002 1953 1168 1995 Sacrista,
1207 1956 1246 1989 in
1284 1955 1540 1990 Dundranensi
1583 1957 1763 1991 sanctissi-

369 2026 427 2050 mo
460 2013 677 2048 monasterio
711 2012 981 2047 cisterciensem
1016 2009 1331 2047 Benedictinorum
1364 2013 1527 2048 habitum
1564 2014 1692 2055 induit,
1728 2020 1763 2049 et

369 2083 449 2106 cum
479 2081 629 2117 magnos
658 2070 802 2115 pietatis
828 2079 1037 2115 progressus
1063 2069 1214 2111 fecisset,
1243 2076 1405 2116 essetque
1431 2076 1467 2105 et
1492 2071 1682 2106 haberetur
1707 2073 1764 2105 vir

371 2130 466 2164 vitae
501 2128 707 2174 integritate
741 2132 777 2163 et
810 2127 985 2174 singulari
1019 2127 1181 2162 doctrina
1210 2129 1337 2168 clarus,
1372 2129 1489 2173 patria
1522 2140 1695 2175 egressus,
1726 2129 1762 2162 S.

370 2185 548 2220 Bonifacii
578 2185 675 2220 Scoti
710 2186 827 2220 locum
865 2185 1040 2230 passionis
1075 2189 1111 2218 et
1145 2185 1313 2235 reliquias
1349 2186 1572 2226 visitaturus,
1611 2187 1763 2231 indeque

372 2244 524 2278 Romam
558 2247 594 2277 et
629 2242 918 2288 Hierosolymam
952 2246 1189 2287 perrecturus,
1224 2243 1546 2290 peregrinationem
1581 2243 1760 2284 instituit;

372 2301 433 2335 sed
456 2311 537 2334 cum
566 2301 604 2333 in
630 2299 784 2334 Frisiam
815 2300 1045 2344 pervenisset,
1076 2300 1114 2333 in
1140 2301 1356 2335 monasterio
1381 2311 1491 2346 prope
1517 2299 1762 2347 Gronyngam,

373 2357 467 2402 quod
499 2356 545 2392 D.
578 2356 753 2391 Bernardi
786 2357 929 2397 dicitur,
957 2357 1125 2391 sacristae
1154 2356 1306 2392 officium
1335 2362 1454 2393 sancte
1484 2357 1611 2402 pieque
1640 2358 1762 2404 gessit.
