2060 2848
384 320 449 351 552
767 317 1004 352 HISTORIA
1027 316 1402 352 ECCLESIASTICA

385 414 536 460 apostoli
563 417 600 448 et
627 412 745 447 Lucae
773 413 1013 460 evangelistae
1041 411 1390 458 Constantinopolim
1416 413 1543 454 delata,
1568 413 1700 448 ibidem
1718 414 1780 448 ho-

383 471 527 506 norifice
544 471 806 516 deponuntur.”
849 470 987 505 Eadem
1005 470 1067 505 illo
1084 481 1179 505 anno
1192 469 1352 505 Florent.
1370 468 1582 517 Vigornien.
1602 475 1624 490 “
1638 471 1729 506 Ossa
1742 471 1780 505 S.

381 529 548 564 Andreae
570 528 721 573 apostoli
747 533 783 563 et
800 527 919 563 Lucae
944 527 1184 574 evangelistae
1206 526 1517 573 Constantinopoli
1541 528 1633 562 miro
1656 528 1780 563 favore

383 585 659 632 suscipiuntur.”
709 584 829 621 Aliter
845 585 990 620 annales
1006 589 1194 620 nostrates.
1243 583 1384 619 Colitur
1400 585 1458 620 die
1477 594 1580 620 xv11.
1599 585 1778 621 Octobris.

823 699 860 735 S.
888 697 1183 735 RONNANUS.
1236 700 1343 733 1038.

381 817 417 852 S.
445 816 691 854 RONNANUS‚
718 814 903 858 episcopus
933 813 972 847 in
999 811 1128 852 Scotia,
1155 812 1246 846 alius
1272 823 1294 846 a
1320 811 1498 847 Ronanno
1527 824 1591 848 seu
1616 813 1781 849 Romano

380 873 565 913 monacho,
583 871 701 917 quiin
724 869 898 916 Angliam
922 870 967 905 ad
990 868 1232 903 Nortumbros
1259 870 1516 905 convertendos
1533 870 1664 905 missus
1682 878 1780 906 erat:

380 931 439 966 hic
468 929 645 976 dignitate
675 927 748 967 illo,
779 933 821 961 ut
850 931 1008 972 apparet,
1042 926 1207 960 nonnihil
1236 926 1429 972 antiquior,
1460 939 1500 962 ac
1531 928 1626 963 vitae
1652 939 1781 975 genere

380 987 578 1027 sublimior,
592 984 782 1031 episcopali
798 985 975 1031 dignitate
988 983 1150 1019 ecclesias
1163 988 1342 1019 nostrates
1355 985 1633 1020 administravit.
1664 985 1782 1031 Scrip-

380 1046 428 1080 sit

527 1101 583 1136 De
601 1100 768 1136 Tonsura
786 1099 950 1134 Clericali
1272 1099 1335 1134 lib.
1356 1108 1382 1133 1.

430 1159 535 1194 Vixit
551 1169 646 1193 anno
664 1166 781 1192 DcnI.
801 1160 837 1191 et
854 1157 985 1191 colitur
1002 1155 1060 1190 die
1077 1163 1182 1190 xvu.
1202 1155 1288 1191 Feb.
1332 1156 1562 1192 Breviarium
1580 1156 1769 1193 Scoticum.

799 1271 837 1306 S.
871 1269 1198 1305 RUDBERTUS.
1250 1271 1359 1309 1039.

379 1392 414 1425 S.
434 1390 699 1428 Rummnmns,
713 1391 776 1421 aut
793 1386 990 1431 Rupertus,
1009 1390 1073 1420 aut
1090 1384 1311 1430 Rudpertus,
1330 1385 1558 1422 Boiariorum
1577 1393 1613 1423 et
1630 1389 1779 1425 Norico-

378 1460 459 1483 rum
490 1446 682 1491 apostolus,
715 1449 736 1464 ‘⁸
764 1455 809 1478 ex
837 1444 949 1490 regali
980 1443 1147 1488 prosapia
1175 1454 1303 1490 regum
1332 1443 1553 1479 Francorum
1579 1446 1781 1492 ducumque

378 1505 516 1540 Scotiae
538 1503 713 1549 originem
731 1501 875 1536 traxit.”
926 1500 987 1534 Ex
1011 1500 1163 1535 historia
1187 1501 1337 1545 antiqua
1363 1512 1563 1547 anonymus
1590 1509 1714 1538 auctor
1739 1505 1777 1538 in

378 1564 453 1597 vita
471 1562 548 1608 eJus
566 1571 642 1604 cap.
658 1568 684 1594 1.
702 1570 807 1604 quem
822 1557 1019 1603 publicavit
1033 1556 1213 1592 Henricus
1227 1557 1392 1592 Canisius
1406 1563 1493 1593 tom.
1509 1568 1563 1594 vr.
1583 1560 1776 1607 Antiquar-

379 1619 602 1654 Lectionum.
639 1617 721 1657 Hic,
739 1615 1025 1662 peregrinatione
1042 1614 1220 1655 instituta,
1238 1615 1418 1660 profectus
1433 1616 1597 1658 Romam,
1612 1629 1676 1663 per
1689 1617 1778 1653 Ger-

379 1676 536 1711 maniam
575 1674 727 1715 rediens,
763 1672 1013 1719 Vangionibus
1047 1673 1273 1718 evangelium
1307 1673 1528 1708 annuncians
1562 1674 1608 1709 ab
1641 1675 1686 1711 iis
1722 1682 1776 1712 est

380 1734 565 1779 episcopus
596 1736 745 1772 creatus,
779 1739 869 1764 vnI.
898 1740 1058 1770 numero,
1086 1730 1147 1763 sed
1177 1734 1300 1774 postea
1324 1730 1363 1764 in
1388 1730 1552 1765 Boiarios
1583 1743 1775 1769 conversus

379 1791 571 1825 immensos
601 1788 738 1823 labores
769 1788 813 1822 ad
848 1798 926 1822 eam
953 1792 1096 1833 gentem
1122 1786 1268 1822 Christo
1293 1787 1549 1822 conciliandam
1575 1789 1774 1834 impendit;

380 1848 574 1883 Junaniam
591 1846 715 1881 urbem
738 1849 916 1880 vetustate
933 1845 1124 1888 collapsam
1141 1845 1368 1885 restauravit,
1386 1849 1422 1880 et
1440 1846 1620 1881 ecclesiam
1638 1850 1777 1895 magni·

380 1906 481 1940 ficam
511 1904 601 1951 erigi
630 1903 781 1943 curavit,
811 1902 1021 1947 primusque
1050 1901 1223 1936 antistitis
1254 1901 1407 1937 officium
1437 1903 1488 1937 ibi
1514 1903 1559 1938 ab
1584 1907 1776 1949 apostolica

380 1962 591 1998 auctoritate
608 1965 644 1995 et
660 1960 815 2005 suscepit
833 1963 963 2000 sancte,
982 1963 1018 1993 et
1035 1959 1081 1993 ad
1097 1969 1314 1994 successores
1332 1961 1554 2003 transmisit;
1574 1962 1775 2009 diciturque

381 2019 666 2066 Saltzburgensis
696 2017 1019 2062 archiepiscopatus
1053 2021 1090 2050 et
1118 2017 1351 2062 principatus,
1382 2018 1478 2063 quod
1508 2018 1546 2053 hi
1577 2031 1700 2055 versus
1736 2023 1774 2056 in

382 2084 477 2112 certo
494 2081 636 2112 auctore
654 2075 877 2122 significant:

682 2186 760 2215 Urbs
775 2184 795 2215 J
796 2184 952 2215 unanensis
964 2184 1024 2215 fuit
1037 2184 1105 2213 olim
1119 2184 1270 2223 splendida
1283 2186 1383 2221 muris,

681 2233 846 2271 Aggeribus
859 2232 979 2270 magnis,
994 2231 1164 2270 munitaque
1178 2232 1306 2261 turribus
1319 2233 1396 2263 altis.

684 2279 773 2309 Sedes
787 2280 834 2308 hic
847 2289 948 2317 regum
963 2279 1088 2312 fuerant,
1103 2289 1136 2308 ac
1148 2279 1257 2318 templa
1271 2279 1388 2309 deorum

683 2326 781 2355 Gente
794 2326 847 2355 sub
861 2326 980 2364 antiqua
993 2325 1119 2364 fulgenti
1133 2336 1271 2355 marmore
1286 2332 1396 2356 structa
1406 2339 1416 2362 ‚·
1468 2324 1470 2326 ’

684 2372 751 2406 Sed,
765 2372 857 2402 veluti
871 2372 1003 2411 legimus,
1017 2372 1117 2401 multis
1132 2372 1242 2402 inculta
1255 2373 1366 2409 diebus,

684 2418 818 2449 eulmine
832 2419 868 2449 de
881 2429 992 2449 summo
1005 2419 1109 2450 cecidit
1122 2419 1252 2459 prolapsa
1264 2420 1390 2455 Junana,
