2060 2848
645 305 820 339 GENTIS
844 302 1120 341 SCOTORUM,
1145 302 1234 334 LIB.
1259 303 1343 334 XII.
1632 305 1694 337 499

508 400 691 444 Procopio,
704 398 874 444 Agathia,
892 395 1099 435 Iamblicho,
1118 396 1249 429 sanctis
1267 396 1353 429 item
1366 396 1538 440 patribus,
1552 396 1692 432 Latinis

505 456 705 491 oratoribus
722 466 763 489 ac
787 454 925 499 poetis3
955 453 1050 497 quod
1074 463 1163 496 opus
1186 452 1333 486 Marcus
1358 451 1595 487 Antimachus
1621 465 1693 488 non

504 513 694 547 infeliciter
711 514 923 545 tentaverat.
975 508 1145 553 Imperite
1162 508 1205 542 de
1222 509 1267 542 iis
1293 508 1436 543 Isaacus
1462 508 1692 544 Casaubonus

503 568 784 615 philosophatus,
826 571 868 600 ut
910 570 1033 600 contra
1074 564 1272 599 Exercitat.
1309 574 1334 599 1.
1374 577 1449 610 cap.
1485 575 1526 600 x.
1562 567 1693 601 evincit

500 626 664 661 Andreas
681 624 892 658 Eudaemon
909 622 932 656 J
935 633 1064 657 oannes
1084 622 1257 669 Castigat.
1286 623 1347 657 lib.
1368 632 1393 657 1.
1413 634 1488 668 cap.
1507 632 1545 657 v.
1569 623 1690 658 Jacob.

500 683 652 729 Spiegel.
671 681 822 715 Scholiis
839 681 878 714 in
894 680 956 715 lib.
975 688 1065 715 VIII.
1091 678 1197 714 Rich.
1223 679 1427 715 Bartholini
1444 680 1630 716 Austriad.
1658 686 1694 715 et

501 741 577 785 ipse
594 743 709 784 poeta.
726 738 787 775 lib.
807 747 833 773 Ι.
852 738 891 774 in
907 737 988 773 fine.

456 797 624 831 Carmina
640 796 741 830 varia
1244 795 1304 829 lib.
1324 804 1349 829 1.

453 854 726 900 Epigrammata
742 857 893 897 utraque
910 852 1035 898 lingua
1241 852 1303 886 lib.
1323 861 1348 886 1.

357 912 458 946 Obiit
474 911 663 946 Aberdone
680 921 773 944 anno
792 917 1032 944 MDLxevnI.

722 1021 886 1057 DAVID
911 1021 951 1056 M
954 1021 1128 1058 ENZES.
1181 1023 1265 1059 948.

306 1139 444 1173 DAvm
463 1138 620 1177 Menzes,
637 1147 817 1171 sacrarum
839 1136 1026 1186 literarum
1047 1136 1086 1170 in
1107 1135 1289 1171 academia
1310 1134 1557 1171 Aberdonensi
1583 1136 1692 1183 insig-

306 1196 360 1230 nis
378 1195 566 1241 professor,
583 1194 735 1238 scripsit,
753 1193 955 1228 doctissime
972 1197 1008 1227 et
1025 1193 1324 1239 eloquentissime,

453 1252 647 1286 Conciones
664 1261 782 1284 sacras
1239 1250 1301 1284 lib.
1320 1259 1346 1284 1.

355 1308 522 1343 Florebat
538 1319 632 1344 anno
650 1315 790 1341 Mnxx.
843 1306 1011 1341 Meminit
1027 1306 1217 1342 Boethius.

682 1419 898 1455 THOMAS
923 1419 1229 1456 MORESINUS.
1282 1422 1366 1459 949.

309 1536 485 1571 Tnozms
498 1535 712 1575 Mox-esium,
730 1535 887 1569 medicus
903 1535 1026 1581 magni
1042 1535 1209 1576 nominis,
1227 1536 1266 1570 in
1279 1534 1405 1570 Galliis
1419 1535 1689 1583 Germaniisque

306 1605 346 1627 ac
363 1593 458 1627 domi
477 1593 615 1627 claruit.
667 1592 760 1638 Ejus
779 1596 863 1626 sunt
882 1592 920 1626 in
936 1593 1050 1626 lucem
1071 1593 1186 1626 multa
1210 1593 1304 1633 data,
1331 1593 1393 1627 sed
1408 1603 1522 1638 pauca
1538 1594 1624 1635 vidi,
1650 1595 1688 1629 in

306 1650 435 1695 quibus
452 1649 519 1683 hoc
535 1649 775 1694 praecipuum,

453 1705 508 1740 De
525 1706 806 1751 Metamorphosi
825 1705 1054 1741 Metallorum
1244 1706 1302 1741 lib.
1320 1715 1346 1741 Ι.

354 1763 454 1797 Obiit
471 1774 564 1797 anno
582 1772 698 1798 MDCI.
1370 1758 1373 1761 ¹

687 1968 797 1995 FINIS
816 1969 929 1995 LIBRI
948 1969 1100 1995 DECIMI
1119 1969 1309 1996 SECUNDI.
