2060 2848
398 323 462 354 484
791 323 1023 356 HISTORIA
1047 323 1419 359 ECCLESIASTICA

553 417 663 452 Pacta
680 422 851 463 perpetua
868 419 961 453 inter
979 418 1135 454 Francos
1149 424 1184 454 et
1198 419 1320 455 Scotos
1335 420 1453 467 Reges
1491 420 1551 455 lib.
1573 430 1599 455 1.

552 475 800 520 Repetitiones
819 475 961 510 Codicis
1489 477 1551 512 lib.
1572 487 1596 511 1.

550 532 718 567 Solennes
736 533 775 566 in
791 532 815 566 J
818 544 881 568 ure
899 533 1134 573 Quaestiones
1491 535 1552 570 lib.
1574 544 1599 568 1.

552 589 781 625 Breviarium
799 589 938 637 Legum
1492 592 1552 626 lib.
1574 601 1599 626 Ι.

452 648 612 695 Legatus
650 659 669 681 e
708 647 826 681 Gallia
860 649 1003 688 missus,
1043 648 1260 694 Edimburgi
1303 647 1428 682 foedus
1470 649 1659 684 renovavit
1702 661 1797 684 anno

404 714 725 740 MCCCCLXXXIII.
744 705 801 739 die
820 714 926 739 xxn.
947 706 1084 740 Martii.
1124 704 1284 739 Annales
1304 705 1431 739 Gallici
1450 711 1487 741 et
1505 706 1646 741 Scotici.
1690 707 1713 740 J
1716 719 1794 742 oan.

401 763 570 798 Leslaeus
588 763 648 797 lib.
669 771 758 797 vm.
779 774 860 808 pag.
880 771 1074 796 cccxxiv.

763 876 1037 912 PATRICIUS
1063 876 1297 911 MYRTON.
1351 876 1435 916 916.

402 994 625 1028 PATRICIUS
654 993 804 1038 Myrton
834 992 1114 1033 Aberdonensis,
1146 992 1204 1026 vir
1234 992 1409 1038 singulari
1440 993 1650 1035 eruditione,
1682 1000 1727 1035 et,
1754 1000 1794 1029 ut

400 1052 576 1091 existimo,
594 1051 781 1095 utriusque
793 1051 889 1097 juris
908 1051 1042 1092 doctor,
1061 1050 1215 1084 turbatis
1234 1050 1272 1083 in
1291 1050 1411 1084 Scotia
1423 1051 1542 1091 rebus,
1556 1056 1592 1085 et
1606 1053 1793 1087 vacillante

400 1110 570 1155 religione
601 1108 794 1148 Catholica,
821 1119 940 1142 rerum
967 1108 1091 1152 potitis
1120 1107 1319 1147 haereticis,
1352 1106 1621 1154 Edimburgum
1651 1110 1794 1154 publica

400 1167 483 1201 cleri
509 1166 775 1200 Aberdonensis
806 1166 1069 1205 deliberatione,
1098 1165 1143 1199 ad
1172 1165 1348 1199 rationem
1376 1165 1457 1199 fidei
1488 1177 1572 1200 suae
1603 1167 1639 1200 in
1666 1172 1793 1202 senatu

399 1224 625 1263 reddendam,
643 1223 772 1257 missus
791 1227 855 1263 est,
874 1222 1126 1266 comitantibus
1145 1233 1226 1256 eum
1240 1221 1265 1255 J
1266 1234 1380 1256 oanne
1394 1222 1552 1264 Leslaeo,
1566 1229 1688 1268 postea
1703 1225 1794 1259 Ros-

399 1282 491 1317 sensi
510 1282 684 1326 episcopo,
702 1285 738 1314 et
763 1280 970 1314 Alexandro
996 1279 1220 1314 Andersono.
1274 1279 1367 1314 Tam
1386 1281 1547 1326 graviter
1565 1292 1690 1316 causae
1708 1293 1793 1316 suae

398 1340 641 1384 patrocinatus
667 1342 731 1379 est,
759 1343 801 1372 ut
826 1349 898 1372 non
919 1338 1065 1383 justitia
1090 1342 1154 1371 aut
1179 1348 1304 1372 causae
1334 1338 1524 1383 aequitate,
1556 1340 1616 1373 sed
1643 1339 1791 1374 immani

397 1398 517 1431 furore
535 1396 710 1430 Catholici
729 1395 814 1430 victi
833 1396 1050 1429 viderentur.
1095 1394 1245 1439 Scripsit

546 1453 618 1487 Pro
636 1453 819 1487 Catholica
837 1452 1000 1487 Veritate
1336 1452 1397 1487 lib.
1419 1462 1444 1486 1.

546 1511 601 1545 De
620 1510 759 1545 Sanctis
777 1510 986 1545 invocandis
1334 1511 1396 1545 lib.
1416 1520 1441 1546 1.

545 1569 600 1603 De
618 1568 744 1612 Capite
762 1568 895 1602 visibili
912 1566 1092 1602 Ecclesiae
1336 1568 1398 1602 lib.
1419 1578 1444 1602 1.

544 1626 599 1660 De
618 1626 834 1672 Purgatorio
1334 1626 1395 1660 lib.
1416 1636 1442 1660 1.

448 1684 630 1720 Scribebat
647 1695 740 1718 anno
760 1692 894 1718 MDLX.
912 1682 936 1716 J
938 1694 1069 1718 oannes
1087 1684 1256 1718 Leslaeus
1274 1688 1399 1718 auctor
1415 1689 1479 1718 est.

817 1798 1051 1833 JOANNES
1076 1798 1237 1834 MURE.
1290 1802 1374 1838 917.

397 1918 420 1951 J
424 1926 589 1951 OANNES
609 1916 714 1950 Mure
734 1915 984 1949 Benedictinae
1002 1915 1146 1960 regulae
1163 1926 1200 1949 se
1218 1916 1384 1950 submisit
1402 1916 1438 1950 in
1466 1917 1595 1951 celebri
1621 1918 1788 1952 coenobio

399 1975 522 2009 Crucis
542 1974 698 2020 Regalis,
725 1978 760 2007 et
777 1972 848 2006 fuit
873 1972 999 2006 domus
1026 1972 1121 2006 illius
1148 1973 1336 2018 subprior3
1366 1979 1387 1993 ‘⁶
1406 1974 1463 2008 vir
1489 1975 1725 2016 doctissimus,
1752 1982 1787 2010 et

398 2034 492 2067 vitae
510 2029 869 2071 continentissimae,’'
883 2031 933 2064 ait
946 2029 1128 2064 Gilbertus
1142 2030 1289 2066 Brunus
1302 2031 1341 2066 in
1355 2032 1599 2068 Collectaneis.
1637 2032 1786 2078 Scripsit

546 2090 681 2124 Contra
697 2088 926 2133 Alchymiam
1331 2089 1392 2123 lib.
1414 2098 1438 2123 Ι.

544 2147 599 2181 De
617 2147 767 2181 Secretis
786 2145 1086 2190 Philosophorum
1331 2146 1391 2181 lib.
1413 2156 1437 2181 1.

544 2205 698 2239 Moralia
715 2204 868 2238 Decreta
1024 2250 1026 2252 K
1328 2205 1390 2239 lib.
1413 2213 1438 2238 1.

545 2262 588 2296 In
607 2261 807 2296 Sententias
1328 2262 1388 2297 lib.
1410 2271 1434 2296 1.

447 2321 546 2354 Obiit
564 2330 656 2353 anno
676 2328 900 2353 MDLXXXV.
920 2319 976 2354 die
995 2327 1063 2353 XV.
1084 2318 1278 2353 Novembr-
