2060 2848
356 287 420 322 666
743 287 977 322 HISTORIA
1001 287 1379 322 ECCLESIASTICA

359 385 452 432 glica
469 384 679 430 captivitate
696 395 851 426 reverso,
870 384 1109 430 gratissimus,
1128 384 1272 430 scripsit

505 442 813 478 Reformationem
845 442 941 477 Cleri
975 442 1036 477 lib.
1066 450 1091 476 1.
1123 453 1216 488 quae
1241 442 1440 477 etiamnum
1463 440 1570 477 hodie
1592 446 1703 484 extat,
1729 447 1764 477 et

505 527 507 529 >
558 511 668 547 quam
685 501 767 546 pius
785 500 895 535 fuerit
911 500 1062 535 antistes
1079 500 1252 546 loquitur.

507 559 718 594 Orationem
735 570 801 604 pro
820 558 1090 594 Reformatione
1107 557 1368 594 Conviviorum
1391 562 1428 594 et
1444 558 1573 594 Luxus
1589 558 1652 593 lib.
1671 567 1697 593 Ι.
1725 558 1764 592 in

554 617 657 664 regni
676 617 842 651 comitiis.

407 675 577 711 Florebat
593 686 688 709 anno
706 682 933 708 Mccccxm.
976 672 1108 708 Joann.
1128 671 1299 707 Leslaeus
1317 672 1379 707 lib.
1393 681 1468 708 vn.
1481 684 1565 721 pag.
1582 682 1762 710 eeLxxv.

817 754 1063 806 UDARDUS
1088 770 1135 806 E.
1189 773 1299 810 1191.

348 848 572 888 Unmmns,
587 846 783 882 monachus
798 846 1005 891 Cum-ensis,
1022 849 1147 891 postea
1164 845 1351 891 episcopus
1369 844 1635 888 Brechinensis,
1650 852 1764 882 totam

358 905 527 947 Scotiam,
553 905 746 941 comitante
768 904 966 939 Eustathio
988 903 1228 939 Abbirbrothi
1253 903 1382 939 abbate
1404 909 1441 939 et
1465 904 1589 949 paucis
1615 905 1763 946 clericis,

355 965 463 1011 pedes
481 964 616 1011 insigni
638 963 840 999 devotionis
864 963 1027 1008 exemplo
1043 962 1289 1008 perlustravit,
1310 962 1463 998 verbum
1484 962 1633 998 Domini
1660 964 1764 998 semi-

356 1027 518 1058 naturus.
569 1021 722 1067 Scripsit

407 1080 452 1116 In
470 1080 620 1115 Cantica
638 1079 837 1114 Salomonis
855 1079 917 1114 lib.
937 1088 962 1113 1.
1057 1078 1102 1113 In
1120 1090 1242 1113 omnes
1261 1078 1308 1113 D.
1328 1078 1434 1113 Pauli
1452 1078 1636 1124 Epistolas
1654 1079 1715 1114 lib.
1737 1090 1762 1115 1.

407 1139 586 1174 Homilias
605 1139 649 1173 ad
665 1138 844 1183 Populum
862 1136 1040 1172 Scoticum
1058 1136 1120 1171 lib.
1140 1146 1167 1171 1.
1210 1136 1395 1182 Epistolas
1414 1137 1460 1171 ad
1478 1137 1637 1172 diversos
1655 1138 1716 1173 lib.
1738 1148 1762 1172 1.

406 1197 550 1232 Floruit
567 1207 661 1231 anno
679 1203 855 1230 mccxnr.
878 1194 1053 1229 Boethius
1070 1194 1132 1228 lib.
1152 1202 1245 1228 xm.
1266 1193 1407 1228 Hister.
1431 1193 1525 1228 Scot.
1550 1194 1609 1228 vel
1634 1203 1761 1229 mexc.

356 1255 541 1290 Arnoldus
558 1254 681 1289 Uvion
699 1253 760 1288 lib.
781 1262 807 1288 ῐ.
826 1251 935 1300 Lign.
953 1251 1061 1288 Vitae
1078 1263 1161 1299 pag.
1181 1259 1327 1286 LXXIV.

644 1367 920 1405 WILELVUS
946 1367 1028 1403 AB.
1056 1367 1228 1410 PRIOR,
1255 1368 1310 1403 Μ.
1365 1370 1473 1408 1192.

360 1494 381 1510 “
399 1488 643 1528 WVILELVUS,
670 1487 728 1521 vir
753 1486 884 1521 nobilis
910 1485 1107 1521 secundum
1132 1485 1326 1526 saeculum,
1351 1485 1452 1531 prior
1476 1485 1515 1520 in
1541 1484 1763 1520 Kirkaeham

324 1563 328 1570 ·
358 1546 514 1581 Eboraci
533 1545 770 1592 Regularium
788 1544 972 1585 Fratrum,
990 1547 1115 1588 postea
1130 1543 1339 1585 monachus,
1363 1547 1399 1578 et
1421 1543 1678 1578 monachorum
1702 1554 1763 1588 pa-

358 1611 415 1640 ter
432 1604 470 1638 in
488 1603 650 1638 Maibros
668 1603 707 1638 in
722 1602 942 1637 monasterio
959 1600 1097 1637 ordinis
1113 1601 1260 1643 nostri‚”
1283 1602 1336 1637 ait
1353 1601 1391 1636 S.
1409 1601 1616 1636 Bernardus
1634 1601 1695 1635 lib.
1720 1601 1763 1635 de

357 1662 447 1698 Vita
466 1660 503 1696 S.
523 1660 735 1695 Malachiae.
788 1660 940 1705 Scripsit

505 1718 781 1763 Expositionem
799 1718 838 1752 in
856 1717 1013 1753 Genesin
1030 1718 1092 1754 lib.
1112 1727 1138 1753 1.
1200 1718 1256 1754 De
1274 1718 1425 1754 Silentio
1442 1718 1636 1754 claustrali
1653 1718 1715 1754 lib.
1736 1727 1761 1753 1.

404 1777 562 1813 Vivebat
579 1787 673 1811 anno
691 1784 822 1810 MCLx.

631 1890 890 1927 GEORGIUS
916 1891 1257 1929 WISCHERTUS
1284 1893 1334 1930 H.
1388 1895 1497 1934 1193.

359 2011 573 2047 Gnoncms
615 2008 843 2044 Wischertus
887 2009 1104 2045 eminentem
1145 2010 1287 2057 generis
1329 2010 1386 2045 sui
1428 2009 1655 2045 nobilitatem
1696 2020 1761 2056 pu-

358 2069 474 2104 denda
515 2068 700 2102 haereseos
743 2067 822 2102 labe
864 2067 1122 2114 coinquinavit,
1164 2068 1299 2114 impius
1341 2069 1525 2110 sectarius,
1578 2079 1619 2103 ac
1661 2067 1761 2116 flagi·

357 2128 470 2170 tiosus
513 2130 687 2167 novator3
731 2126 794 2161 sed
836 2126 923 2161 dum
966 2126 1067 2161 virus
1104 2127 1143 2161 in
1177 2126 1397 2162 Germaniis-
1421 2125 1620 2173 Galliisque
1653 2127 1762 2162 haus-

356 2191 435 2220 tum
474 2185 513 2219 in
551 2184 669 2229 patria
706 2195 780 2219 non
817 2185 893 2219 sine
931 2185 1050 2219 avitae
1087 2184 1231 2230 pietatis
1268 2184 1455 2231 dispendio
1485 2179 1649 2220 evomere
1685 2190 1761 2219 stu-

358 2243 431 2284 det,
476 2247 597 2277 coacta
637 2242 683 2277 ad
724 2241 813 2277 Divi
855 2241 1023 2278 Andreae
1065 2254 1087 2277 a
1129 2242 1270 2278 Davide
1312 2242 1349 2278 S.
1394 2242 1441 2277 R.
1480 2241 1527 2278 Ε.
1572 2242 1763 2277 Cardinale

360 2300 515 2336 Betonio
553 2301 701 2346 synodo,
740 2301 981 2346 improbitatis
1019 2301 1217 2336 haereticae
1255 2301 1459 2343 damnatur,
1497 2305 1533 2337 et
1568 2301 1681 2346 stipiti
1721 2301 1762 2334 il-

357 2359 491 2406 ligatus
534 2357 687 2394 flammis
729 2358 917 2395 ultricibus
959 2358 1237 2395 obstinationem
1279 2359 1451 2405 expiavit.
1525 2358 1639 2406 CuJus
1681 2369 1761 2403 poe-
