2060 2848
358 296 421 326 482
742 295 973 328 HISTORIA
998 295 1371 329 ECCLESIASTICA

507 389 758 434 Sophisticalia
775 390 991 425 Parisiensia
1299 391 1361 425 lib.
1382 399 1406 424 1.

508 445 645 482 Placita
662 447 880 494 Theologica
1296 448 1358 482 lib.
1379 456 1403 481 1.

509 505 766 539 Commentarii
784 506 823 539 in
841 506 1067 540 Matthaeum
1299 506 1361 540 lib.
1382 515 1407 540 1.

508 563 779 608 Disputationes
798 562 1009 597 Sorbonicae
1297 563 1358 597 lib.
1379 572 1405 597 1.

508 620 694 654 Sermones
713 630 776 663 per
793 630 927 653 annum
1298 621 1359 655 lib.
1381 629 1406 654 1.

507 678 662 712 Caxtoni
679 676 847 711 Chronici
865 676 993 711 Versio
1296 678 1357 712 lib.
1377 687 1448 711 vu.

509 735 702 781 Catalogus
720 733 980 779 Episcoporum
998 734 1277 769 Lucionensium
1290 720 1356 769 lib.
1376 743 1402 769 Ι.
1450 734 1587 769 Anton.
1624 733 1752 768 Demo-

555 792 652 826 char.
671 792 732 825 lib.
753 800 778 824 1.
797 802 872 835 cap.
892 800 1009 825 xxvx.

409 850 539 884 Redux
557 850 595 883 in
621 849 776 883 Scotiam
804 848 893 882 obiit
918 848 1139 894 Andreapoli
1165 848 1201 883 S.
1230 849 1430 896 theologiae
1456 849 1635 894 professor
1661 860 1755 882 anno

361 916 498 942 nnxx.

704 1003 918 1039 MAGNUS
945 1004 1276 1040 MACULLOCH.
1330 1007 1414 1044 911.

359 1082 540 1115 MAGNUS
559 1081 815 1121 Macullochus,
834 1091 896 1114 seu
914 1079 1065 1121 Macolo,
1092 1080 1149 1114 vir
1171 1080 1348 1126 egregius,
1375 1093 1396 1115 a
1414 1080 1557 1115 secretis
1576 1079 1755 1113 Gulielmo

358 1139 532 1179 Schewes,
551 1139 816 1184 archiepiscopo
835 1138 871 1172 S.
889 1138 1068 1173 Andreae.
1120 1136 1214 1184 Ejus
1232 1142 1286 1172 est

507 1196 758 1242 Polychronici
793 1202 857 1231 aut
896 1195 1152 1230 Scotichronici
1195 1195 1445 1241 Transcriptio
1486 1200 1521 1229 et
1557 1194 1754 1230 Continua-

553 1254 605 1288 tio
622 1255 684 1288 lib.
706 1263 731 1287 1.
750 1258 786 1288 et
803 1254 883 1288 alia.
1003 1258 1005 1260 ’

408 1312 577 1347 Florebat
593 1312 811 1358 Edimburgi
831 1320 1138 1346 MCCCCLXXXII.
1158 1322 1263 1345 anno.

679 1426 979 1462 RICHARDUS
1005 1426 1294 1461 MIDLETON.
1348 1428 1433 1464 912.

359 1544 604 1578 RICHARDUS
644 1543 834 1583 Midleton,
873 1553 935 1577 seu
970 1554 992 1576 a
1026 1542 1149 1576 Media
1190 1542 1299 1583 Villa,
1334 1547 1376 1576 ut
1411 1543 1592 1577 nonnullis
1627 1543 1753 1587 placet,

361 1601 651 1642 Mediovillanus,
669 1600 796 1635 Scotus
814 1599 896 1640 fuit,
914 1604 956 1634 ut
973 1599 1075 1634 Sixto
1093 1599 1239 1635 Senensi
1256 1601 1383 1644 placet,
1401 1604 1437 1634 et
1454 1601 1583 1645 repetit
1597 1600 1620 1633 J
1622 1610 1753 1634 oannes

360 1659 525 1693 Pitsaeus
543 1657 687 1705 Anglus
711 1658 754 1691 de
779 1657 916 1691 Illustr.
943 1656 1099 1703 Angliae
1124 1657 1365 1702 Scriptoribus
1392 1662 1507 1692 aetate
1533 1667 1619 1692 XIV.
1647 1663 1754 1702 atque

359 1717 556 1751 etiamnum
581 1715 686 1749 hodie
712 1719 811 1750 extat
836 1714 974 1748 familia
1000 1714 1306 1756 Midletoniorum,
1336 1716 1399 1760 qui
1431 1720 1532 1750 tanto
1563 1717 1706 1750 surculo
1733 1726 1754 1748 a

360 1779 486 1808 trunco
504 1785 568 1807 suo
586 1773 743 1817 profecto
766 1773 977 1818 gloriantur.
1030 1773 1179 1807 Parisiis
1197 1773 1291 1807 inter
1309 1773 1554 1808 celeberrimos
1573 1773 1753 1807 Sorbonae

360 1832 519 1865 doctores
537 1831 691 1871 habitus,
711 1834 746 1864 et
764 1830 900 1874 patriae
919 1841 1004 1864 suae
1022 1829 1170 1871 Scotiae,
1189 1836 1224 1865 et
1242 1831 1358 1865 ordini
1372 1830 1419 1865 D.
1435 1831 1628 1869 Francisci,
1647 1841 1752 1875 quem

361 1890 535 1928 induerat,
555 1889 680 1933 ingens
698 1893 945 1922 ornamentum
965 1888 1155 1923 contulisse
1173 1889 1272 1923 visus
1289 1893 1354 1928 est,
1383 1889 1524 1934 vulgari
1542 1889 1657 1934 elogio
1683 1889 1752 1922 dic-

359 1953 416 1980 tus
449 1951 470 1966 “
490 1946 624 1979 Doctor
650 1945 795 1985 solidus,
822 1945 996 1989 copiosus,
1026 1944 1311 1986 fundatissimus,
1338 1950 1374 1980 et
1398 1946 1615 1985 autoratus,”
1644 1950 1685 1979 ut
1715 1945 1753 1978 in

359 2003 513 2038 Athenis
541 2003 611 2036 illis
638 2003 712 2036 suis
731 2002 951 2037 Orthodoxis
977 2002 1155 2036 Henricus
1182 2002 1295 2037 Villot
1322 2003 1456 2037 scribit.
1508 2002 1560 2037 Et
1586 2013 1665 2036 cum
1693 2002 1753 2036 Jo-

359 2073 467 2096 annes
486 2062 615 2095 Petrus
633 2072 727 2094 nova
743 2060 927 2094 haereseos
953 2061 1089 2095 semina
1115 2066 1310 2107 spargeret,
1338 2060 1570 2107 Bonagratia,
1593 2060 1750 2095 decimus

360 2120 533 2160 minister,
561 2117 643 2165 [ne]
667 2118 828 2152 incautos
852 2123 1050 2163 occuparet,
1076 2118 1160 2153 huic
1178 2119 1451 2153 examinandam
1475 2118 1663 2158 commisit,
1689 2118 1750 2162 qui

359 2178 518 2211 haereses
536 2188 657 2210 omnes
675 2188 733 2209 eas
752 2181 786 2209 et
798 2177 946 2210 solerter
958 2176 1104 2217 detexit,
1118 2181 1154 2210 et
1165 2177 1302 2211 erudite
1315 2176 1516 2210 confutavit
1531 2185 1539 2209 ι
1559 2176 1659 2221 eujus
1676 2176 1752 2221 glo-

360 2235 431 2268 riae
450 2246 512 2268 nec
530 2235 618 2268 illud
636 2233 753 2274 officit,
771 2234 866 2278 quod
884 2234 979 2268 inter
996 2243 1083 2267 xlv.
1110 2235 1166 2268 sui
1190 2235 1325 2268 ordinis
1344 2235 1504 2268 doctores
1528 2237 1749 2272 numeratur,

359 2292 420 2336 qui
439 2292 529 2325 circa
548 2292 726 2325 tumulum
745 2291 885 2325 subtilis
900 2292 1053 2325 doctoris
1068 2292 1178 2325 aereis
1193 2292 1335 2326 laminis
1349 2291 1595 2337 affigebantur.
1633 2289 1750 2334 Scrip-

358 2351 403 2384 sit

507 2407 620 2451 Super
638 2406 855 2452 Evangelica
872 2407 932 2441 lib,
954 2416 1007 2440 1V.
1052 2407 1166 2452 Super
1184 2406 1365 2452 Epistolas
1384 2407 1488 2441 Pauli
1507 2406 1568 2441 lib.
1588 2414 1674 2440 XIV.
