2060 2848
662 325 837 359 GENTIS
861 323 1138 363 SCOTORUM‚
1161 324 1252 357 LIB.
1275 325 1378 359 XIII.
1648 325 1712 358 507

327 433 399 462 sus,
417 431 522 456 versu
539 420 652 454 bonus
669 423 706 453 et
722 430 837 463 prosa,
855 417 1006 453 Latinae
1023 419 1166 465 linguae
1185 417 1467 459 callentissimus,
1479 428 1544 453 nec
1556 416 1709 453 Graecae

326 480 482 525 ignarus,
502 477 564 522 qui
581 477 612 511 si
629 476 693 510 diu
708 475 952 521 superfuisset,
969 475 1106 519 primus
1123 474 1180 509 sui
1196 474 1275 509 aevi
1293 475 1380 509 viris
1398 475 1560 520 compom’
1576 475 1710 520 potuis·

326 540 404 575 set;
431 534 492 569 sed
509 533 594 578 quia
609 532 865 579 fragrantiores
890 531 994 566 flores
1019 532 1124 566 citius
1149 535 1318 571 marcent,
1344 542 1416 566 non
1440 531 1569 576 potuit,
1595 535 1709 567 morte

326 595 544 636 praereptus,
561 600 708 624 suorum
725 589 953 634 popularium
969 600 1069 635 spem
1085 588 1246 634 implere.
1299 587 1448 634 Scripsit

472 647 651 693 Synopsin
668 646 874 682 historicam
1169 645 1228 680 lib.
1246 654 1318 680 vn.

374 704 475 739 Obiit
491 704 668 739 Tholosae
685 714 779 738 anno
799 711 945 737 Mncw.

793 815 1071 851 NENNIANU
1072 816 1108 851 S.
1160 814 1243 854 965.

327 935 591 973 ΝΕΝΝΙΑΝσε,
605 931 831 966 Franciscani
843 931 976 966 ordinis
989 931 1180 976 professus,
1194 935 1277 966 ortu
1289 930 1506 978 Elginensis,
1519 932 1570 968 sic
1582 933 1709 974 dictus,

325 996 366 1026 ut
383 995 481 1036 puto,
499 990 594 1035 quod
610 989 776 1024 historias
790 988 826 1023 S.
846 988 979 1023 Nennii
992 989 1031 1022 in
1044 989 1291 1033 compendium
1308 990 1505 1036 redegerit3
1528 1002 1591 1025 nec
1607 991 1710 1037 quip-

325 1050 419 1093 piam
438 1048 590 1092 amplius
607 1047 650 1081 de
667 1058 708 1081 eo
724 1046 814 1080 mihi
831 1046 1025 1092 cognitum,
1044 1050 1080 1079 et
1096 1045 1182 1079 haec
1198 1046 1342 1091 quidem
1355 1057 1399 1081 ex
1416 1046 1578 1082 Deirensi
1595 1047 1710 1083 indice

326 1109 500 1149 excerpta,
518 1108 554 1138 et
571 1104 772 1150 conjectura
789 1103 886 1137 nuda
904 1107 969 1137 est.
1024 1101 1174 1147 Scripsit

471 1160 749 1195 Deflorationem
766 1159 900 1194 Nennii
1208 1159 1269 1194 lib.
1290 1168 1315 1193 1.

371 1218 474 1253 Vixit
491 1218 584 1252 circa
600 1228 733 1252 annum
752 1225 873 1252 Mccc.
891 1228 975 1252 nam
992 1216 1190 1252 Alexandri
1208 1216 1277 1251 111.
1296 1217 1469 1252 meminit.

829 1329 1073 1365 NICASIUS.
1125 1329 1210 1369 966.

327 1446 363 1480 N
366 1455 530 1487 10AS111S,
557 1446 787 1491 philosophus
814 1445 1051 1485 acutissimus,
1078 1450 1112 1479 et
1138 1444 1356 1479 medicorum
1381 1456 1445 1480 sua
1470 1450 1584 1481 aetate
1609 1457 1709 1492 prae-

327 1505 579 1545 stantissimus,
607 1503 725 1539 Scotia
742 1503 998 1537 cruentissimis
1015 1502 1116 1536 bellis
1133 1503 1286 1536 lacerata
1309 1502 1348 1536 in
1365 1501 1593 1538 Germaniam
1610 1504 1708 1544 abiit,

326 1561 387 1595 ubi
411 1561 547 1595 Othoni
569 1561 776 1606 imperatori
798 1559 827 1594 Ι.
854 1570 967 1600 carus,
985 1559 1146 1594 omnium
1170 1570 1281 1604 paene
1306 1559 1418 1604 ipsius
1444 1561 1709 1605 expeditionum

326 1628 440 1652 comes
457 1617 539 1652 fuit.
592 1617 741 1662 Scripsit

474 1674 548 1709 Iter
564 1673 724 1721 Augusti
1210 1673 1270 1708 lib.
1290 1683 1316 1708 1.
1504 1726 1508 1728 .

472 1732 527 1766 De
545 1731 682 1766 Morbis
699 1731 812 1765 acutis
1208 1731 1268 1765 lib.
1288 1740 1314 1765 1.
1365 1731 1535 1766 Biblioth.
1559 1732 1708 1767 Medica.

474 1788 530 1822 De
547 1788 739 1834 Sanguinis
757 1788 929 1822 Missione
1208 1788 1269 1822 lib.
1288 1797 1315 1822 1.
1365 1788 1417 1823 Et
1455 1789 1524 1823 alia
1557 1801 1709 1834 quorum

521 1845 610 1878 mihi
627 1856 671 1878 ne
689 1845 805 1889 apices
825 1845 968 1889 quidem
986 1845 1066 1879 visi.

375 1902 515 1936 Floruit
532 1901 599 1936 sub
616 1901 851 1935 Constantino
870 1900 938 1934 ΙΙΙ.
956 1902 1018 1945 qui
1036 1912 1186 1947 regnum
1204 1906 1328 1946 sponte
1346 1902 1523 1947 deponens
1549 1914 1590 1937 ac
1611 1914 1707 1937 coro-

327 1971 392 1993 nae
423 1967 581 1994 terrenae
615 1958 837 1997 renuncians,
872 1958 1105 1992 monasticum
1139 1958 1302 1992 habitum
1332 1958 1494 1999 induem,
1528 1964 1708 1994 aeternam

326 2016 516 2056 affectavit,
536 2015 678 2049 sedente
696 2015 734 2048 in
752 2014 851 2048 Petri
869 2014 1034 2048 cathedra
1050 2018 1129 2058 post
1148 2014 1367 2058 Stephanum
1381 2015 1448 2049 IX.
1463 2015 1621 2050 Martino
1635 2016 1704 2050 111.

326 2084 420 2106 anno
438 2081 605 2106 DCCCCL.
657 2071 819 2105 Celebrat
837 2071 914 2116 ejus
933 2072 1062 2106 claram
1088 2073 1295 2106 memoriam
1321 2072 1535 2108 Thaddaeus
1562 2074 1708 2108 Floren-

327 2130 434 2169 tinus,
452 2130 514 2174 qui
532 2128 653 2162 scribit
672 2139 846 2162 summam
864 2128 976 2172 ipsius
993 2128 1102 2163 fuisse
1120 2129 1303 2164 Bononiae
1320 2129 1474 2172 famam3
1502 2142 1572 2176 quo
1597 2131 1708 2165 addu-

328 2197 388 2220 cor
416 2191 458 2220 ut
483 2185 585 2219 facile
612 2185 752 2219 credam
778 2196 858 2218 eum
884 2185 993 2220 bonas
1018 2185 1057 2220 in
1083 2197 1123 2220 ea
1149 2186 1327 2221 academia
1351 2187 1471 2222 literas
1496 2187 1705 2233 professum,

328 2243 389 2277 sed
408 2243 497 2277 nihil
515 2247 645 2277 temere
663 2241 878 2276 affirmarim.
