2060 2848
386 322 449 352 488
781 318 1013 352 HISTORIA
1037 317 1412 351 ECCLESIASTICA

389 417 524 451 dictum
544 414 730 449 confirmat
748 414 771 448 J
774 426 852 449 oan.
874 414 1042 448 Molanus
1060 412 1248 447 Addition.
1268 414 1313 447 ad
1331 412 1551 447 Usuardum.
1603 418 1624 433 “
1642 413 1686 448 In
1707 413 1790 447 Gal-

388 475 446 509 liis
465 474 611 508 civitate
630 473 858 518 Rhotomago
876 472 1005 506 natalis
1025 470 1060 505 S.
1081 470 1242 511 Melloni,
1264 471 1326 515 qui
1346 471 1503 516 ejusdem
1523 471 1622 505 urbis
1649 471 1788 516 primus

389 532 571 566 ecclesiam
614 530 902 574 archiepiscopus
943 529 1048 569 rexit,
1094 528 1297 574 ibidemque
1339 530 1500 573 sepultus
1535 529 1790 575 gloriosissime

388 588 564 635 quievit.''
601 588 711 622 Plura
729 593 764 621 et
782 587 1005 621 evidentiora
1017 586 1126 620 habes
1140 586 1236 630 apud
1250 585 1482 620 Vincentium
1501 587 1790 621 Bellovacensem

390 648 451 681 lib.
472 656 547 680 XII.
566 658 641 691 cap.
663 654 809 679 LXXIV.
857 644 893 678 S.
912 644 1091 678 Damasus
1114 654 1208 687 papa
1229 644 1268 677 in
1292 644 1504 684 Pontificali,
1532 645 1563 678 si
1585 649 1703 678 tamen
1730 644 1789 678 ille

394 710 517 739 auctor
536 709 600 743 est,
620 703 800 737 Baronius
819 707 854 736 et
872 702 944 735 alii.
997 701 1158 745 Scripsit,
1177 702 1300 736 eodem
1319 707 1462 736 auctore
1481 703 1688 744 Possevino,

538 752 717 795 Homin'as
1286 759 1346 793 lib.
1369 768 1394 793 1.

438 819 582 854 Floruit
601 829 694 852 anno
713 826 833 851 CCLX.

886 922 1166 956 MERLINUS.
1220 925 1302 961 925.

390 1002 628 1040 MERIJNUS,
658 1001 893 1044 cognomento
920 997 1147 1037 Caledonius,
1174 998 1271 1042 quod
1297 998 1342 1032 ad
1368 998 1596 1033 Caledoniam
1616 999 1654 1033 in
1673 999 1791 1034 Scotia

389 1059 525 1093 Silvam
545 1061 652 1091 natus
679 1060 783 1096 esset,
810 1055 860 1089 sic
887 1060 1045 1089 vocatus.
1099 1054 1252 1089 Frustra
1276 1067 1356 1089 eum
1377 1056 1443 1090 sibi
1462 1057 1576 1103 Angli
1594 1058 1790 1099 vindicant,

389 1128 469 1151 cum
488 1116 650 1150 omnium
669 1114 884 1157 scriptorum
904 1124 1078 1147 consensu
1097 1113 1144 1147 sit
1162 1113 1418 1154 indubitatum,
1437 1114 1571 1149 Latino
1590 1126 1689 1156 aevo,
1708 1115 1791 1151 Sco-

389 1181 508 1209 torum
523 1173 666 1206 nomine
681 1173 815 1217 ignoto,
831 1170 954 1204 Scotos
968 1171 1086 1204 vocari
1102 1171 1225 1205 solitos
1238 1171 1449 1205 Caledonios
1461 1172 1668 1207 Britannos.
1705 1174 1791 1208 Ovi-

388 1234 480 1271 dius,
497 1231 646 1270 Statius,
661 1229 827 1264 Valerius
847 1228 1009 1267 Flaccus,
1022 1227 1176 1268 Solinus,
1191 1228 1383 1269 Martialis,
1401 1233 1436 1263 et
1454 1230 1526 1263 alii.
1567 1230 1790 1277 Cognomen-

389 1296 467 1324 tuin
488 1294 607 1322 autem
626 1287 810 1321 Caledonii
830 1286 861 1319 ei
880 1287 936 1319 vel
955 1286 1031 1329 ipse
1053 1286 1206 1320 Balaeus
1233 1287 1376 1321 astruit.
1428 1287 1654 1322 Bibliotheca
1680 1290 1792 1324 mino-

389 1359 468 1382 rum
490 1346 638 1380 Patrum
664 1355 745 1390 pag.
766 1352 1029 1378 DCCCCLXXV.
1058 1347 1079 1362 ‘⁵
1098 1343 1276 1378 Merlinus
1295 1344 1521 1385 Caledonius,
1548 1345 1636 1380 alias
1663 1346 1793 1381 Silves-

388 1406 466 1446 tris,
503 1402 665 1438 Scotus.”
730 1402 826 1435 Mira
861 1402 904 1435 de
940 1406 1022 1435 ortu
1057 1401 1134 1446 ejus
1169 1402 1500 1443 comminiscuntur,
1533 1404 1629 1447 quod
1659 1404 1792 1439 scilicet

387 1468 502 1497 mater
529 1460 690 1495 confessa
721 1461 769 1494 sit
798 1460 842 1493 ab
870 1460 1056 1493 immundo
1084 1470 1121 1493 se
1149 1470 1388 1503 compressam
1415 1460 1546 1504 spiritu
1573 1465 1637 1495 aut
1662 1462 1792 1497 incubo

388 1520 562 1554 Avernali
597 1530 678 1552 eum
713 1518 889 1564 genuisse.
943 1517 1137 1561 Utcunque
1168 1528 1205 1550 se
1232 1528 1289 1550 res
1318 1517 1457 1557 habeat,
1487 1518 1576 1552 illud
1607 1531 1693 1553 sane
1727 1532 1792 1565 pro

390 1583 582 1623 comperto,
611 1576 811 1610 mirandam
830 1575 869 1609 in
894 1575 956 1609 illo
981 1575 1188 1608 futurorum
1214 1575 1411 1616 scientiam,
1440 1575 1545 1610 Hect.
1573 1576 1702 1611 Boeth.
1729 1579 1791 1613 lib.

391 1645 481 1669 VIII.
507 1635 644 1669 Histor.
670 1633 764 1667 Scot.
788 1644 870 1678 pag.
894 1641 1038 1667 CXLIX.
1072 1637 1108 1666 et
1133 1643 1206 1666 non
1232 1633 1467 1676 spernendam
1492 1636 1691 1669 naturalem
1714 1637 1791 1681 qui-

391 1695 471 1728 dem
498 1692 744 1738 prodigiorum
767 1690 1111 1735 interpretationem,
1135 1690 1229 1723 idem
1247 1690 1307 1724 lib.
1328 1699 1385 1724 IX.
1403 1702 1485 1737 pag.
1505 1700 1621 1726 CLIII.
1674 1693 1791 1739 Scrip-

392 1752 439 1786 sit
457 1751 515 1785 hic

541 1808 695 1842 Suarum
710 1807 987 1841 Divinationum
1001 1806 1063 1840 lib.
1080 1815 1105 1840 1.
1158 1805 1272 1851 Cujus
1289 1807 1501 1842 auctoritate
1515 1812 1669 1843 utuntur
1686 1810 1792 1844 multi

590 1877 719 1911 graves
738 1870 773 1899 et
797 1865 937 1909 antiqui
961 1864 1163 1909 scriptores,
1187 1869 1222 1898 et
1249 1864 1286 1897 in
1313 1863 1369 1898 his
1396 1864 1552 1900 Joannes
1582 1865 1792 1913 Hardingus

589 1924 650 1957 lib.
680 1933 705 1957 1.
738 1922 998 1957 Chronicorum
1031 1933 1106 1966 cap.
1135 1930 1234 1955 XXV.
1296 1921 1418 1957 Vertit
1449 1935 1507 1957 eas
1538 1923 1680 1958 Latinis
1716 1935 1793 1959 ver-

589 1982 688 2016 sibus
720 1980 911 2015 Galfredus
946 1979 1240 2019 Monometensis,
1275 1984 1310 2014 et
1344 1985 1470 2015 extant
1500 1981 1604 2015 MSS.
1638 1982 1677 2016 in
1714 1982 1793 2017 Col-

589 2040 683 2085 legio
710 2038 933 2073 Mertonensi
964 2037 1137 2079 Oxoniae,
1165 2042 1201 2072 et
1227 2038 1265 2072 in
1292 2037 1452 2085 Collegio
1478 2038 1514 2073 S.
1540 2039 1640 2074 Petri
1663 2039 1794 2075 Canta-

589 2098 641 2132 bri
671 2098 735 2131 iae.

543 2109 669 2200 Superg
676 2155 890 2199 quibusdam
911 2153 1121 2188 Honoribus
1338 2154 1398 2189 lib.
1420 2163 1446 2190 I.

543 2213 650 2247 Dicta
668 2213 710 2246 de
729 2213 881 2256 septimo
1341 2213 1402 2247 lib.
1423 2222 1448 2247 1.

545 2270 659 2315 Super
677 2271 831 2314 quodam
850 2274 951 2304 sexto
1339 2271 1401 2305 lib.
1422 2280 1447 2305 1.

546 2327 800 2372 Expositiones
827 2328 1006 2361 mirabiles
1034 2328 1077 2362 de
1094 2327 1296 2363 Arboribus
1322 2328 1479 2362 Londini
1506 2330 1724 2371 ardentibus,
1751 2332 1794 2366 de

593 2385 840 2419 aestuantibus
875 2386 1019 2419 insolito
1053 2385 1174 2420 furore
1213 2386 1376 2420 Tamesis
1411 2386 1539 2428 Undis,
1574 2388 1617 2422 de
1651 2387 1795 2423 Infante

593 2443 687 2487 apud
723 2442 918 2477 Cantianos
953 2443 992 2477 in
1021 2448 1124 2479 utero
1152 2444 1277 2479 matris
1306 2444 1455 2486 ridente,
1486 2445 1529 2479 de
1556 2445 1672 2481 Fonte
1700 2447 1795 2491 apud
