<?xml version="1.0" encoding="UTF-8"?>
<!DOCTYPE html PUBLIC "-//W3C//DTD XHTML 1.0 Transitional//EN"
    "http://www.w3.org/TR/xhtml1/DTD/xhtml1-transitional.dtd">
<html xmlns="http://www.w3.org/1999/xhtml" xml:lang="en" lang="en">
 <head>
  <title>
</title>
<meta http-equiv="Content-Type" content="text/html;charset=utf-8" />
  <meta name='ocr-system' content='tesseract 3.04.00' />
  <meta name='ocr-capabilities' content='ocr_page ocr_carea ocr_par ocr_line ocrx_word'/>
</head>
<body>
  <div class='ocr_page' id='page_1' title='image "./thomaedempster2102dempuoft_0029.png"; bbox 0 0 2118 2854; ppageno 0'>
   <div class='ocr_carea' id='block_1_1' title="bbox 687 282 1738 325">
    <p class='ocr_par' dir='ltr' id='par_1_1' title="bbox 687 282 1738 325">
     <span class='ocr_line' id='line_1_1' title="bbox 687 282 1738 325; baseline -0.01 -2"><span class='ocrx_word' id='word_1_1' title='bbox 687 290 862 324; x_wconf 88' lang='lat' dir='ltr'><strong>GENTIS</strong></span> <span class='ocrx_word' id='word_1_2' title='bbox 888 287 1164 325; x_wconf 88' lang='lat' dir='ltr'>SCOTORUM,</span> <span class='ocrx_word' id='word_1_3' title='bbox 1191 287 1280 318; x_wconf 91' lang='lat' dir='ltr'><strong>LIB.</strong></span> <span class='ocrx_word' id='word_1_4' title='bbox 1305 286 1402 318; x_wconf 92' lang='lat' dir='ltr'><strong>VIII.</strong></span> <span class='ocrx_word' id='word_1_5' title='bbox 1677 282 1738 313; x_wconf 81' lang='lat'>351</span> 
     </span>
    </p>
   </div>
   <div class='ocr_carea' id='block_1_2' title="bbox 351 378 1743 946">
    <p class='ocr_par' dir='ltr' id='par_1_2' title="bbox 351 378 1743 946">
     <span class='ocr_line' id='line_1_2' title="bbox 355 378 1738 427; baseline -0.01 -2"><span class='ocrx_word' id='word_1_6' title='bbox 355 390 536 426; x_wconf 83' lang='lat' dir='ltr'>infamiam</span> <span class='ocrx_word' id='word_1_7' title='bbox 555 387 661 422; x_wconf 88' lang='lat' dir='ltr'>etiam</span> <span class='ocrx_word' id='word_1_8' title='bbox 680 385 833 420; x_wconf 84' lang='lat' dir='ltr'>aeternis</span> <span class='ocrx_word' id='word_1_9' title='bbox 851 382 982 418; x_wconf 87' lang='lat' dir='ltr'><strong>addicti</strong></span> <span class='ocrx_word' id='word_1_10' title='bbox 999 382 1122 427; x_wconf 89' lang='lat' dir='ltr'>poenis</span> <span class='ocrx_word' id='word_1_11' title='bbox 1146 393 1168 415; x_wconf 90' lang='lat' dir='ltr'>a</span> <span class='ocrx_word' id='word_1_12' title='bbox 1190 380 1322 414; x_wconf 88' lang='lat' dir='ltr'>sanctis</span> <span class='ocrx_word' id='word_1_13' title='bbox 1346 379 1510 413; x_wconf 88' lang='lat' dir='ltr'>ecclesiae</span> <span class='ocrx_word' id='word_1_14' title='bbox 1535 378 1738 413; x_wconf 76' lang='lat' dir='ltr'>doctoribus</span> 
     </span>
     <span class='ocr_line' id='line_1_3' title="bbox 353 435 1739 485; baseline -0.011 -3"><span class='ocrx_word' id='word_1_15' title='bbox 353 447 645 483; x_wconf 84' lang='lat' dir='ltr'>nominarentur:</span> <span class='ocrx_word' id='word_1_16' title='bbox 672 443 722 478; x_wconf 89' lang='lat' dir='ltr'>sic</span> <span class='ocrx_word' id='word_1_17' title='bbox 739 442 997 476; x_wconf 89' lang='lat' dir='ltr'>haereticorum</span> <span class='ocrx_word' id='word_1_18' title='bbox 1015 440 1216 485; x_wconf 84' lang='lat' dir='ltr'>catalogum</span> <span class='ocrx_word' id='word_1_19' title='bbox 1234 436 1418 471; x_wconf 83' lang='lat' dir='ltr'>contexuit</span> <span class='ocrx_word' id='word_1_20' title='bbox 1439 435 1677 480; x_wconf 86' lang='lat' dir='ltr'>Epiphanius,</span> <span class='ocrx_word' id='word_1_21' title='bbox 1705 439 1739 467; x_wconf 89' lang='lat' dir='ltr'>et</span> 
     </span>
     <span class='ocr_line' id='line_1_4' title="bbox 352 493 1739 544; baseline -0.009 -6"><span class='ocrx_word' id='word_1_22' title='bbox 352 504 412 539; x_wconf 86' lang='lat' dir='ltr'>alii</span> <span class='ocrx_word' id='word_1_23' title='bbox 439 514 520 536; x_wconf 91' lang='lat' dir='ltr'>eum</span> <span class='ocrx_word' id='word_1_24' title='bbox 546 501 669 535; x_wconf 90' lang='lat' dir='ltr'>secuti.</span> <span class='ocrx_word' id='word_1_25' title='bbox 722 499 793 533; x_wconf 88' lang='lat' dir='ltr'>Hic</span> <span class='ocrx_word' id='word_1_26' title='bbox 819 510 903 544; x_wconf 89' lang='lat' dir='ltr'>ergo</span> <span class='ocrx_word' id='word_1_27' title='bbox 929 498 1129 532; x_wconf 85' lang='lat' dir='ltr'>adolescens</span> <span class='ocrx_word' id='word_1_28' title='bbox 1156 504 1280 529; x_wconf 83' lang='lat' dir='ltr'><strong>XXIII.</strong></span> <span class='ocrx_word' id='word_1_29' title='bbox 1308 505 1483 528; x_wconf 90' lang='lat' dir='ltr'>annorum</span> <span class='ocrx_word' id='word_1_30' title='bbox 1510 493 1739 537; x_wconf 88' lang='lat' dir='ltr'>Marpurgae‚</span> 
     </span>
     <span class='ocr_line' id='line_1_5' title="bbox 351 551 1737 606; baseline -0.009 -12"><span class='ocrx_word' id='word_1_31' title='bbox 351 571 459 606; x_wconf 90' lang='lat' dir='ltr'>quam</span> <span class='ocrx_word' id='word_1_32' title='bbox 478 559 666 603; x_wconf 87' lang='lat' dir='ltr'>Philippus</span> <span class='ocrx_word' id='word_1_33' title='bbox 685 557 883 591; x_wconf 89' lang='lat' dir='ltr'>Hessorum</span> <span class='ocrx_word' id='word_1_34' title='bbox 900 555 1063 599; x_wconf 88' lang='lat' dir='ltr'>princeps</span> <span class='ocrx_word' id='word_1_35' title='bbox 1090 553 1305 588; x_wconf 87' lang='lat' dir='ltr'>academiam</span> <span class='ocrx_word' id='word_1_36' title='bbox 1331 551 1474 591; x_wconf 86' lang='lat' dir='ltr'>fecerat,</span> <span class='ocrx_word' id='word_1_37' title='bbox 1501 552 1639 595; x_wconf 89' lang='lat' dir='ltr'>primus</span> <span class='ocrx_word' id='word_1_38' title='bbox 1658 561 1737 593; x_wconf 92' lang='lat' dir='ltr'>pro-</span> 
     </span>
     <span class='ocr_line' id='line_1_6' title="bbox 352 607 1741 657; baseline -0.008 -5"><span class='ocrx_word' id='word_1_39' title='bbox 352 618 474 652; x_wconf 86' lang='lat' dir='ltr'>fessor.</span> <span class='ocrx_word' id='word_1_40' title='bbox 518 616 562 650; x_wconf 93' lang='lat' dir='ltr'>In</span> <span class='ocrx_word' id='word_1_41' title='bbox 576 615 730 649; x_wconf 90' lang='lat' dir='ltr'>Scotiam</span> <span class='ocrx_word' id='word_1_42' title='bbox 742 614 866 654; x_wconf 85' lang='lat' dir='ltr'>redux,</span> <span class='ocrx_word' id='word_1_43' title='bbox 881 624 961 647; x_wconf 91' lang='lat' dir='ltr'>cum</span> <span class='ocrx_word' id='word_1_44' title='bbox 977 612 1164 646; x_wconf 88' lang='lat' dir='ltr'>execrandi</span> <span class='ocrx_word' id='word_1_45' title='bbox 1179 610 1356 657; x_wconf 87' lang='lat' dir='ltr'>dogmatis</span> <span class='ocrx_word' id='word_1_46' title='bbox 1370 609 1481 649; x_wconf 90' lang='lat' dir='ltr'>virus,</span> <span class='ocrx_word' id='word_1_47' title='bbox 1494 609 1588 654; x_wconf 91' lang='lat' dir='ltr'>quod</span> <span class='ocrx_word' id='word_1_48' title='bbox 1601 609 1638 641; x_wconf 90' lang='lat' dir='ltr'>in</span> <span class='ocrx_word' id='word_1_49' title='bbox 1653 607 1741 642; x_wconf 83' lang='lat' dir='ltr'>Ger-</span> 
     </span>
     <span class='ocr_line' id='line_1_7' title="bbox 352 666 1740 713; baseline -0.008 -4"><span class='ocrx_word' id='word_1_50' title='bbox 352 674 471 709; x_wconf 85' lang='lat' dir='ltr'>mania</span> <span class='ocrx_word' id='word_1_51' title='bbox 487 673 621 708; x_wconf 85' lang='lat' dir='ltr'>nefarie</span> <span class='ocrx_word' id='word_1_52' title='bbox 638 673 817 712; x_wconf 88' lang='lat' dir='ltr'>hauserat,</span> <span class='ocrx_word' id='word_1_53' title='bbox 838 671 933 705; x_wconf 88' lang='lat' dir='ltr'>domi</span> <span class='ocrx_word' id='word_1_54' title='bbox 952 681 1094 704; x_wconf 89' lang='lat' dir='ltr'>vomere</span> <span class='ocrx_word' id='word_1_55' title='bbox 1111 669 1295 713; x_wconf 85' lang='lat' dir='ltr'>inciperet,</span> <span class='ocrx_word' id='word_1_56' title='bbox 1314 668 1497 701; x_wconf 88' lang='lat' dir='ltr'>haereseos</span> <span class='ocrx_word' id='word_1_57' title='bbox 1521 666 1740 710; x_wconf 89' lang='lat' dir='ltr'>Andreapoli</span> 
     </span>
     <span class='ocr_line' id='line_1_8' title="bbox 352 724 1743 774; baseline -0.006 -8"><span class='ocrx_word' id='word_1_58' title='bbox 352 732 552 770; x_wconf 85' lang='lat' dir='ltr'>damnatus,</span> <span class='ocrx_word' id='word_1_59' title='bbox 571 731 616 764; x_wconf 89' lang='lat' dir='ltr'>ad</span> <span class='ocrx_word' id='word_1_60' title='bbox 633 730 791 774; x_wconf 85' lang='lat' dir='ltr'>stipitem</span> <span class='ocrx_word' id='word_1_61' title='bbox 807 729 978 774; x_wconf 86' lang='lat' dir='ltr'>religatus</span> <span class='ocrx_word' id='word_1_62' title='bbox 992 728 1119 761; x_wconf 90' lang='lat' dir='ltr'>ultrice</span> <span class='ocrx_word' id='word_1_63' title='bbox 1133 726 1276 760; x_wconf 88' lang='lat' dir='ltr'>flamma</span> <span class='ocrx_word' id='word_1_64' title='bbox 1289 736 1419 770; x_wconf 85' lang='lat' dir='ltr'>poenas</span> <span class='ocrx_word' id='word_1_65' title='bbox 1434 725 1612 769; x_wconf 88' lang='lat' dir='ltr'>pependit.</span> <span class='ocrx_word' id='word_1_66' title='bbox 1648 724 1743 758; x_wconf 84' lang='lat' dir='ltr'>Lau-</span> 
     </span>
     <span class='ocr_line' id='line_1_9' title="bbox 352 781 1741 828; baseline -0.006 -6"><span class='ocrx_word' id='word_1_67' title='bbox 352 789 414 822; x_wconf 88' lang='lat' dir='ltr'>dat</span> <span class='ocrx_word' id='word_1_68' title='bbox 432 787 642 822; x_wconf 89' lang='lat' dir='ltr'>Franciscus</span> <span class='ocrx_word' id='word_1_69' title='bbox 661 786 875 820; x_wconf 85' lang='lat' dir='ltr'>Lambertus</span> <span class='ocrx_word' id='word_1_70' title='bbox 893 785 1154 819; x_wconf 87' lang='lat' dir='ltr'>Avenionensis</span> <span class='ocrx_word' id='word_1_71' title='bbox 1172 784 1210 817; x_wconf 92' lang='lat' dir='ltr'>in</span> <span class='ocrx_word' id='word_1_72' title='bbox 1234 782 1453 828; x_wconf 89' lang='lat' dir='ltr'>praefatione</span> <span class='ocrx_word' id='word_1_73' title='bbox 1480 782 1596 826; x_wconf 89' lang='lat' dir='ltr'>operis</span> <span class='ocrx_word' id='word_1_74' title='bbox 1622 782 1678 816; x_wconf 92' lang='lat' dir='ltr'>sui</span> <span class='ocrx_word' id='word_1_75' title='bbox 1704 781 1741 815; x_wconf 83' lang='lat' dir='ltr'>in</span> 
     </span>
     <span class='ocr_line' id='line_1_10' title="bbox 353 840 1740 890; baseline -0.004 -11"><span class='ocrx_word' id='word_1_76' title='bbox 353 845 609 890; x_wconf 88' lang='lat' dir='ltr'>Apocalypsin,</span> <span class='ocrx_word' id='word_1_77' title='bbox 634 844 695 878; x_wconf 87' lang='lat' dir='ltr'>sed</span> <span class='ocrx_word' id='word_1_78' title='bbox 713 848 748 877; x_wconf 92' lang='lat' dir='ltr'>et</span> <span class='ocrx_word' id='word_1_79' title='bbox 773 844 846 887; x_wconf 87' lang='lat' dir='ltr'>ipse</span> <span class='ocrx_word' id='word_1_80' title='bbox 870 842 1028 888; x_wconf 87' lang='lat' dir='ltr'>ejusdem</span> <span class='ocrx_word' id='word_1_81' title='bbox 1055 841 1182 875; x_wconf 92' lang='lat' dir='ltr'>veneni</span> <span class='ocrx_word' id='word_1_82' title='bbox 1204 845 1319 885; x_wconf 88' lang='lat' dir='ltr'>potor,</span> <span class='ocrx_word' id='word_1_83' title='bbox 1346 844 1381 874; x_wconf 85' lang='lat' dir='ltr'>et</span> <span class='ocrx_word' id='word_1_84' title='bbox 1399 846 1514 874; x_wconf 87' lang='lat' dir='ltr'>sectae</span> <span class='ocrx_word' id='word_1_85' title='bbox 1531 840 1740 874; x_wconf 82' lang='lat' dir='ltr'>haereticus.</span> 
     </span>
     <span class='ocr_line' id='line_1_11' title="bbox 355 900 685 946; baseline -0.003 -11"><span class='ocrx_word' id='word_1_86' title='bbox 355 901 507 946; x_wconf 85' lang='lat' dir='ltr'>Scripsit</span> <span class='ocrx_word' id='word_1_87' title='bbox 525 912 609 934; x_wconf 91' lang='lat' dir='ltr'>vero</span> <span class='ocrx_word' id='word_1_88' title='bbox 626 900 685 934; x_wconf 87' lang='lat' dir='ltr'>hic</span> 
     </span>
    </p>
   </div>
   <div class='ocr_carea' id='block_1_3' title="bbox 502 955 1351 1106">
    <p class='ocr_par' dir='ltr' id='par_1_3' title="bbox 502 955 1351 1106">
     <span class='ocr_line' id='line_1_12' title="bbox 504 955 1351 1003; baseline -0.005 -11"><span class='ocrx_word' id='word_1_89' title='bbox 504 958 558 992; x_wconf 90' lang='lat' dir='ltr'>De</span> <span class='ocrx_word' id='word_1_90' title='bbox 576 957 673 1003; x_wconf 88' lang='lat' dir='ltr'>Lege</span> <span class='ocrx_word' id='word_1_91' title='bbox 691 962 726 990; x_wconf 89' lang='lat' dir='ltr'>et</span> <span class='ocrx_word' id='word_1_92' title='bbox 743 956 944 1002; x_wconf 88' lang='lat' dir='ltr'>Evangelio</span> <span class='ocrx_word' id='word_1_93' title='bbox 1245 955 1305 989; x_wconf 90' lang='lat' dir='ltr'>lib.</span> <span class='ocrx_word' id='word_1_94' title='bbox 1327 964 1351 988; x_wconf 90' lang='grc' dir='ltr'>Ι.</span> 
     </span>
     <span class='ocr_line' id='line_1_13' title="bbox 502 1013 1349 1058; baseline -0.004 -10"><span class='ocrx_word' id='word_1_95' title='bbox 502 1015 557 1049; x_wconf 92' lang='lat' dir='ltr'>De</span> <span class='ocrx_word' id='word_1_96' title='bbox 576 1015 664 1048; x_wconf 88' lang='lat' dir='ltr'>Fide</span> <span class='ocrx_word' id='word_1_97' title='bbox 681 1019 717 1048; x_wconf 90' lang='lat' dir='ltr'>et</span> <span class='ocrx_word' id='word_1_98' title='bbox 735 1013 912 1058; x_wconf 88' lang='lat' dir='ltr'>Operibus</span> <span class='ocrx_word' id='word_1_99' title='bbox 1243 1013 1303 1046; x_wconf 87' lang='lat' dir='ltr'>lib.</span> <span class='ocrx_word' id='word_1_100' title='bbox 1325 1021 1349 1045; x_wconf 80' lang='grc' dir='ltr'>Ι.</span> 
     </span>
     <span class='ocr_line' id='line_1_14' title="bbox 503 1070 1350 1106; baseline -0.004 0"><span class='ocrx_word' id='word_1_101' title='bbox 503 1072 680 1106; x_wconf 90' lang='lat' dir='ltr'>Locorum</span> <span class='ocrx_word' id='word_1_102' title='bbox 699 1071 942 1105; x_wconf 88' lang='lat' dir='ltr'>communium</span> <span class='ocrx_word' id='word_1_103' title='bbox 1244 1070 1304 1103; x_wconf 90' lang='lat' dir='ltr'>lib.</span> <span class='ocrx_word' id='word_1_104' title='bbox 1326 1079 1350 1103; x_wconf 87' lang='grc' dir='ltr'>Ι.</span> 
     </span>
    </p>
   </div>
   <div class='ocr_carea' id='block_1_4' title="bbox 406 1127 1692 1173">
    <p class='ocr_par' dir='ltr' id='par_1_4' title="bbox 406 1127 1692 1173">
     <span class='ocr_line' id='line_1_15' title="bbox 406 1127 1692 1173; baseline -0.002 -9"><span class='ocrx_word' id='word_1_105' title='bbox 406 1131 568 1164; x_wconf 85' lang='lat' dir='ltr'>Exustus</span> <span class='ocrx_word' id='word_1_106' title='bbox 587 1134 640 1163; x_wconf 87' lang='lat' dir='ltr'>est</span> <span class='ocrx_word' id='word_1_107' title='bbox 657 1129 771 1173; x_wconf 88' lang='lat' dir='ltr'>pridie</span> <span class='ocrx_word' id='word_1_108' title='bbox 789 1128 922 1162; x_wconf 90' lang='lat' dir='ltr'>calend.</span> <span class='ocrx_word' id='word_1_109' title='bbox 942 1127 1051 1161; x_wconf 92' lang='lat' dir='ltr'>Mart.</span> <span class='ocrx_word' id='word_1_110' title='bbox 1070 1139 1163 1161; x_wconf 88' lang='lat' dir='ltr'>anno</span> <span class='ocrx_word' id='word_1_111' title='bbox 1182 1128 1287 1161; x_wconf 88' lang='lat' dir='ltr'>salut.</span> <span class='ocrx_word' id='word_1_112' title='bbox 1306 1127 1452 1161; x_wconf 86' lang='lat' dir='ltr'>human.</span> <span class='ocrx_word' id='word_1_113' title='bbox 1475 1136 1692 1161; x_wconf 73' lang='lat' dir='ltr'>MDXXVHL</span> 
     </span>
    </p>
   </div>
   <div class='ocr_carea' id='block_1_5' title="bbox 779 1224 1318 1260">
    <p class='ocr_par' dir='ltr' id='par_1_5' title="bbox 779 1224 1318 1260">
     <span class='ocr_line' id='line_1_16' title="bbox 779 1224 1318 1260; baseline 0 -1"><span class='ocrx_word' id='word_1_114' title='bbox 779 1226 814 1260; x_wconf 91' lang='lat' dir='ltr'>S.</span> <span class='ocrx_word' id='word_1_115' title='bbox 843 1224 1183 1260; x_wconf 88' lang='lat' dir='ltr'>HERMANNUS.</span> <span class='ocrx_word' id='word_1_116' title='bbox 1238 1224 1318 1260; x_wconf 88' lang='lat'><strong>668.</strong></span> 
     </span>
    </p>
   </div>
   <div class='ocr_carea' id='block_1_6' title="bbox 358 1300 1757 2261">
    <p class='ocr_par' dir='ltr' id='par_1_6' title="bbox 358 1300 1757 2261">
     <span class='ocr_line' id='line_1_17' title="bbox 358 1300 1750 1346; baseline -0.003 -9"><span class='ocrx_word' id='word_1_117' title='bbox 358 1303 393 1337; x_wconf 83' lang='lat' dir='ltr'>S.</span> <span class='ocrx_word' id='word_1_118' title='bbox 411 1303 695 1341; x_wconf 78' lang='lat' dir='ltr'>HERMANNUS,</span> <span class='ocrx_word' id='word_1_119' title='bbox 709 1312 802 1335; x_wconf 91' lang='lat' dir='ltr'>unus</span> <span class='ocrx_word' id='word_1_120' title='bbox 821 1311 864 1334; x_wconf 87' lang='lat' dir='ltr'>ex</span> <span class='ocrx_word' id='word_1_121' title='bbox 881 1301 925 1334; x_wconf 88' lang='lat' dir='ltr'>iis</span> <span class='ocrx_word' id='word_1_122' title='bbox 943 1304 997 1334; x_wconf 90' lang='lat' dir='ltr'>est</span> <span class='ocrx_word' id='word_1_123' title='bbox 1014 1300 1176 1344; x_wconf 88' lang='lat' dir='ltr'>patribus</span> <span class='ocrx_word' id='word_1_124' title='bbox 1189 1300 1252 1345; x_wconf 90' lang='lat' dir='ltr'>qui</span> <span class='ocrx_word' id='word_1_125' title='bbox 1266 1300 1403 1346; x_wconf 87' lang='lat' dir='ltr'>Pelagii</span> <span class='ocrx_word' id='word_1_126' title='bbox 1418 1300 1628 1334; x_wconf 87' lang='lat' dir='ltr'>insanientis</span> <span class='ocrx_word' id='word_1_127' title='bbox 1642 1301 1750 1334; x_wconf 86' lang='lat' dir='ltr'>auda-</span> 
     </span>
     <span class='ocr_line' id='line_1_18' title="bbox 359 1357 1749 1405; baseline -0.002 -11"><span class='ocrx_word' id='word_1_128' title='bbox 359 1361 448 1394; x_wconf 86' lang='lat' dir='ltr'>ciam</span> <span class='ocrx_word' id='word_1_129' title='bbox 461 1371 502 1394; x_wconf 91' lang='lat' dir='ltr'>eo</span> <span class='ocrx_word' id='word_1_130' title='bbox 516 1360 552 1394; x_wconf 86' lang='lat' dir='ltr'>in</span> <span class='ocrx_word' id='word_1_131' title='bbox 567 1370 677 1405; x_wconf 86' lang='lat' dir='ltr'>regno</span> <span class='ocrx_word' id='word_1_132' title='bbox 690 1363 955 1402; x_wconf 85' lang='lat' dir='ltr'>represserunt:</span> <span class='ocrx_word' id='word_1_133' title='bbox 974 1358 1075 1391; x_wconf 87' lang='lat' dir='ltr'>docet</span> <span class='ocrx_word' id='word_1_134' title='bbox 1093 1358 1253 1401; x_wconf 87' lang='lat' dir='ltr'>epistola,</span> <span class='ocrx_word' id='word_1_135' title='bbox 1271 1357 1373 1402; x_wconf 89' lang='lat' dir='ltr'>cujus</span> <span class='ocrx_word' id='word_1_136' title='bbox 1391 1358 1477 1391; x_wconf 89' lang='lat' dir='ltr'>haec</span> <span class='ocrx_word' id='word_1_137' title='bbox 1490 1362 1544 1391; x_wconf 92' lang='lat' dir='ltr'>est</span> <span class='ocrx_word' id='word_1_138' title='bbox 1557 1358 1749 1404; x_wconf 81' lang='lat' dir='ltr'>epigraphe</span> 
     </span>
     <span class='ocr_line' id='line_1_19' title="bbox 359 1414 1749 1459; baseline -0.001 -8"><span class='ocrx_word' id='word_1_139' title='bbox 359 1422 444 1451; x_wconf 88' lang='lat' dir='ltr'>tom.</span> <span class='ocrx_word' id='word_1_140' title='bbox 465 1427 525 1451; x_wconf 90' lang='lat'><em>111.</em></span> <span class='ocrx_word' id='word_1_141' title='bbox 553 1416 740 1451; x_wconf 90' lang='lat' dir='ltr'>Concilior.</span> <span class='ocrx_word' id='word_1_142' title='bbox 765 1416 803 1449; x_wconf 87' lang='lat' dir='ltr'>in</span> <span class='ocrx_word' id='word_1_143' title='bbox 825 1414 985 1449; x_wconf 87' lang='lat' dir='ltr'>Decretis</span> <span class='ocrx_word' id='word_1_144' title='bbox 1010 1414 1164 1449; x_wconf 90' lang='lat' dir='ltr'>Honorii</span> <span class='ocrx_word' id='word_1_145' title='bbox 1192 1415 1220 1449; x_wconf 92' lang='grc' dir='ltr'>Ι.</span> <span class='ocrx_word' id='word_1_146' title='bbox 1247 1426 1322 1459; x_wconf 91' lang='lat' dir='ltr'>cap.</span> <span class='ocrx_word' id='word_1_147' title='bbox 1343 1423 1432 1448; x_wconf 77' lang='lat' dir='ltr'>XIX.</span> <span class='ocrx_word' id='word_1_148' title='bbox 1461 1419 1482 1434; x_wconf 88' lang='lat'><strong>“</strong></span> <span class='ocrx_word' id='word_1_149' title='bbox 1499 1414 1749 1449; x_wconf 82' lang='lat' dir='ltr'>Dilectissimis</span> 
     </span>
     <span class='ocr_line' id='line_1_20' title="bbox 360 1471 1750 1513; baseline -0.001 -4"><span class='ocrx_word' id='word_1_150' title='bbox 360 1480 395 1509; x_wconf 88' lang='lat' dir='ltr'>et</span> <span class='ocrx_word' id='word_1_151' title='bbox 412 1474 645 1509; x_wconf 89' lang='lat' dir='ltr'>sanctissimis</span> <span class='ocrx_word' id='word_1_152' title='bbox 664 1473 878 1511; x_wconf 89' lang='lat' dir='ltr'>Thomiano,</span> <span class='ocrx_word' id='word_1_153' title='bbox 897 1472 1129 1513; x_wconf 90' lang='lat' dir='ltr'>Columbano‚</span> <span class='ocrx_word' id='word_1_154' title='bbox 1150 1472 1365 1512; x_wconf 83' lang='lat' dir='ltr'>chromano,</span> <span class='ocrx_word' id='word_1_155' title='bbox 1384 1471 1550 1513; x_wconf 88' lang='lat' dir='ltr'>Dimano,</span> <span class='ocrx_word' id='word_1_156' title='bbox 1569 1477 1604 1506; x_wconf 87' lang='lat' dir='ltr'>et</span> <span class='ocrx_word' id='word_1_157' title='bbox 1618 1473 1750 1507; x_wconf 88' lang='lat' dir='ltr'>Batha-</span> 
     </span>
     <span class='ocr_line' id='line_1_21' title="bbox 360 1528 1752 1577; baseline -0.001 -11"><span class='ocrx_word' id='word_1_158' title='bbox 360 1544 406 1566; x_wconf 91' lang='lat' dir='ltr'>no</span> <span class='ocrx_word' id='word_1_159' title='bbox 423 1532 608 1577; x_wconf 88' lang='lat' dir='ltr'>episcopis,</span> <span class='ocrx_word' id='word_1_160' title='bbox 628 1531 842 1569; x_wconf 87' lang='lat' dir='ltr'>Chromano‚</span> <span class='ocrx_word' id='word_1_161' title='bbox 862 1529 1152 1574; x_wconf 87' lang='lat' dir='ltr'>Hermannoque,</span> <span class='ocrx_word' id='word_1_162' title='bbox 1170 1529 1384 1569; x_wconf 88' lang='lat' dir='ltr'>Laustrano,</span> <span class='ocrx_word' id='word_1_163' title='bbox 1403 1528 1570 1569; x_wconf 78' lang='lat' dir='ltr'>Stellam,</span> <span class='ocrx_word' id='word_1_164' title='bbox 1596 1535 1631 1564; x_wconf 87' lang='lat' dir='ltr'>et</span> <span class='ocrx_word' id='word_1_165' title='bbox 1654 1531 1752 1577; x_wconf 88' lang='lat' dir='ltr'>Segi-</span> 
     </span>
     <span class='ocr_line' id='line_1_22' title="bbox 360 1586 1751 1633; baseline 0 -10"><span class='ocrx_word' id='word_1_166' title='bbox 360 1600 429 1623; x_wconf 89' lang='lat' dir='ltr'>ano</span> <span class='ocrx_word' id='word_1_167' title='bbox 446 1588 675 1633; x_wconf 90' lang='lat' dir='ltr'>presbyteris,</span> <span class='ocrx_word' id='word_1_168' title='bbox 694 1586 840 1626; x_wconf 86' lang='lat' dir='ltr'>Sarano,</span> <span class='ocrx_word' id='word_1_169' title='bbox 867 1587 1086 1631; x_wconf 89' lang='lat' dir='ltr'>caeterisque</span> <span class='ocrx_word' id='word_1_170' title='bbox 1109 1587 1324 1627; x_wconf 87' lang='lat' dir='ltr'>doctoribus,</span> <span class='ocrx_word' id='word_1_171' title='bbox 1351 1591 1386 1620; x_wconf 91' lang='lat' dir='ltr'>et</span> <span class='ocrx_word' id='word_1_172' title='bbox 1413 1586 1599 1621; x_wconf 88' lang='lat' dir='ltr'>abbatibus</span> <span class='ocrx_word' id='word_1_173' title='bbox 1626 1588 1751 1628; x_wconf 89' lang='lat' dir='ltr'>Scotis‚</span> 
     </span>
     <span class='ocr_line' id='line_1_23' title="bbox 361 1642 1751 1689; baseline 0.001 -9"><span class='ocrx_word' id='word_1_174' title='bbox 361 1646 523 1680; x_wconf 85' lang='lat' dir='ltr'>Hilarius</span> <span class='ocrx_word' id='word_1_175' title='bbox 541 1642 836 1689; x_wconf 79' lang='lat' dir='ltr'>archipresbyter,</span> <span class='ocrx_word' id='word_1_176' title='bbox 855 1649 890 1679; x_wconf 94' lang='lat' dir='ltr'>et</span> <span class='ocrx_word' id='word_1_177' title='bbox 908 1655 1054 1678; x_wconf 87' lang='lat' dir='ltr'>servans</span> <span class='ocrx_word' id='word_1_178' title='bbox 1072 1644 1187 1677; x_wconf 88' lang='lat' dir='ltr'>locum</span> <span class='ocrx_word' id='word_1_179' title='bbox 1206 1648 1348 1678; x_wconf 88' lang='lat' dir='ltr'>sanctae</span> <span class='ocrx_word' id='word_1_180' title='bbox 1366 1644 1458 1678; x_wconf 88' lang='lat' dir='ltr'>sedis</span> <span class='ocrx_word' id='word_1_181' title='bbox 1476 1646 1698 1688; x_wconf 85' lang='lat' dir='ltr'>apostolicae,</span> <span class='ocrx_word' id='word_1_182' title='bbox 1717 1653 1751 1681; x_wconf 88' lang='lat' dir='ltr'>et</span> 
     </span>
     <span class='ocr_line' id='line_1_24' title="bbox 359 1701 1752 1747; baseline 0 -9"><span class='ocrx_word' id='word_1_183' title='bbox 359 1704 382 1737; x_wconf 85' lang='lat' dir='ltr'><strong>J</strong></span> <span class='ocrx_word' id='word_1_184' title='bbox 385 1715 515 1738; x_wconf 87' lang='lat' dir='ltr'>oannes</span> <span class='ocrx_word' id='word_1_185' title='bbox 534 1703 714 1742; x_wconf 86' lang='lat' dir='ltr'>diaconus,</span> <span class='ocrx_word' id='word_1_186' title='bbox 734 1706 769 1736; x_wconf 87' lang='lat' dir='ltr'>et</span> <span class='ocrx_word' id='word_1_187' title='bbox 786 1702 824 1735; x_wconf 91' lang='lat' dir='ltr'>in</span> <span class='ocrx_word' id='word_1_188' title='bbox 842 1701 910 1735; x_wconf 86' lang='lat' dir='ltr'>Dei</span> <span class='ocrx_word' id='word_1_189' title='bbox 927 1702 1070 1735; x_wconf 91' lang='lat' dir='ltr'>nomine</span> <span class='ocrx_word' id='word_1_190' title='bbox 1088 1703 1219 1735; x_wconf 88' lang='lat' dir='ltr'>electus</span> <span class='ocrx_word' id='word_1_191' title='bbox 1237 1702 1322 1735; x_wconf 88' lang='lat' dir='ltr'>item</span> <span class='ocrx_word' id='word_1_192' title='bbox 1341 1701 1365 1735; x_wconf 88' lang='lat' dir='ltr'><strong>J</strong></span> <span class='ocrx_word' id='word_1_193' title='bbox 1367 1713 1497 1736; x_wconf 89' lang='lat' dir='ltr'>oannes</span> <span class='ocrx_word' id='word_1_194' title='bbox 1519 1703 1752 1747; x_wconf 86' lang='lat' dir='ltr'>primicerius,</span> 
     </span>
     <span class='ocr_line' id='line_1_25' title="bbox 361 1759 1754 1804; baseline 0.001 -9"><span class='ocrx_word' id='word_1_195' title='bbox 361 1766 396 1795; x_wconf 91' lang='lat' dir='ltr'>et</span> <span class='ocrx_word' id='word_1_196' title='bbox 414 1772 559 1795; x_wconf 90' lang='lat' dir='ltr'>servans</span> <span class='ocrx_word' id='word_1_197' title='bbox 576 1761 692 1794; x_wconf 89' lang='lat' dir='ltr'>locum</span> <span class='ocrx_word' id='word_1_198' title='bbox 712 1763 854 1793; x_wconf 88' lang='lat' dir='ltr'>sanctae</span> <span class='ocrx_word' id='word_1_199' title='bbox 871 1759 964 1793; x_wconf 90' lang='lat' dir='ltr'>sedis</span> <span class='ocrx_word' id='word_1_200' title='bbox 983 1760 1205 1804; x_wconf 79' lang='lat' dir='ltr'>apostolicae,</span> <span class='ocrx_word' id='word_1_201' title='bbox 1224 1765 1259 1793; x_wconf 91' lang='lat' dir='ltr'>et</span> <span class='ocrx_word' id='word_1_202' title='bbox 1272 1759 1375 1794; x_wconf 91' lang='lat' dir='ltr'>Joan.</span> <span class='ocrx_word' id='word_1_203' title='bbox 1391 1771 1515 1794; x_wconf 87' lang='lat' dir='ltr'>servus</span> <span class='ocrx_word' id='word_1_204' title='bbox 1529 1760 1608 1802; x_wconf 89' lang='lat' dir='ltr'>Dei,</span> <span class='ocrx_word' id='word_1_205' title='bbox 1624 1766 1660 1795; x_wconf 93' lang='lat' dir='ltr'>et</span> <span class='ocrx_word' id='word_1_206' title='bbox 1673 1773 1754 1796; x_wconf 87' lang='lat' dir='ltr'>con-</span> 
     </span>
     <span class='ocr_line' id='line_1_26' title="bbox 361 1816 1753 1863; baseline 0.001 -11"><span class='ocrx_word' id='word_1_207' title='bbox 361 1819 516 1852; x_wconf 89' lang='lat' dir='ltr'>siliarius</span> <span class='ocrx_word' id='word_1_208' title='bbox 534 1818 693 1863; x_wconf 87' lang='lat' dir='ltr'>ejusdem</span> <span class='ocrx_word' id='word_1_209' title='bbox 711 1817 923 1861; x_wconf 89' lang='lat' dir='ltr'>apostolicae</span> <span class='ocrx_word' id='word_1_210' title='bbox 942 1817 1067 1851; x_wconf 89' lang='lat' dir='ltr'>sedis.”</span> <span class='ocrx_word' id='word_1_211' title='bbox 1110 1816 1280 1861; x_wconf 88' lang='lat' dir='ltr'>Sequitur</span> <span class='ocrx_word' id='word_1_212' title='bbox 1297 1818 1423 1851; x_wconf 91' lang='lat' dir='ltr'>deinde</span> <span class='ocrx_word' id='word_1_213' title='bbox 1441 1818 1590 1862; x_wconf 90' lang='lat' dir='ltr'>epistola</span> <span class='ocrx_word' id='word_1_214' title='bbox 1607 1819 1694 1863; x_wconf 85' lang='lat' dir='ltr'>ipsa,</span> <span class='ocrx_word' id='word_1_215' title='bbox 1710 1831 1753 1853; x_wconf 90' lang='lat' dir='ltr'>ex</span> 
     </span>
     <span class='ocr_line' id='line_1_27' title="bbox 362 1873 1753 1920; baseline 0.001 -11"><span class='ocrx_word' id='word_1_216' title='bbox 362 1887 433 1920; x_wconf 89' lang='lat' dir='ltr'>qua</span> <span class='ocrx_word' id='word_1_217' title='bbox 449 1876 561 1920; x_wconf 91' lang='lat' dir='ltr'>liquet</span> <span class='ocrx_word' id='word_1_218' title='bbox 579 1885 637 1908; x_wconf 91' lang='lat' dir='ltr'>eos</span> <span class='ocrx_word' id='word_1_219' title='bbox 656 1873 808 1908; x_wconf 89' lang='lat' dir='ltr'>Romam</span> <span class='ocrx_word' id='word_1_220' title='bbox 827 1875 964 1908; x_wconf 88' lang='lat' dir='ltr'>dedisse</span> <span class='ocrx_word' id='word_1_221' title='bbox 981 1875 1114 1914; x_wconf 84' lang='lat' dir='ltr'>literaS,</span> <span class='ocrx_word' id='word_1_222' title='bbox 1134 1874 1263 1918; x_wconf 91' lang='lat' dir='ltr'>quibus</span> <span class='ocrx_word' id='word_1_223' title='bbox 1282 1879 1317 1908; x_wconf 89' lang='lat' dir='ltr'>et</span> <span class='ocrx_word' id='word_1_224' title='bbox 1334 1873 1482 1908; x_wconf 86' lang='lat' dir='ltr'>Arriani</span> <span class='ocrx_word' id='word_1_225' title='bbox 1499 1875 1684 1919; x_wconf 89' lang='lat' dir='ltr'>perfidiam</span> <span class='ocrx_word' id='word_1_226' title='bbox 1698 1888 1753 1911; x_wconf 91' lang='lat' dir='ltr'>ac-</span> 
     </span>
     <span class='ocr_line' id='line_1_28' title="bbox 362 1930 1754 1977; baseline 0.002 -12"><span class='ocrx_word' id='word_1_227' title='bbox 362 1932 543 1971; x_wconf 86' lang='lat' dir='ltr'>cusabant,</span> <span class='ocrx_word' id='word_1_228' title='bbox 561 1943 606 1965; x_wconf 91' lang='lat' dir='ltr'>ne</span> <span class='ocrx_word' id='word_1_229' title='bbox 624 1932 662 1965; x_wconf 90' lang='lat' dir='ltr'>in</span> <span class='ocrx_word' id='word_1_230' title='bbox 681 1930 799 1964; x_wconf 87' lang='lat' dir='ltr'>Scotia</span> <span class='ocrx_word' id='word_1_231' title='bbox 817 1931 937 1977; x_wconf 85' lang='lat' dir='ltr'>spargi</span> <span class='ocrx_word' id='word_1_232' title='bbox 955 1931 1127 1975; x_wconf 89' lang='lat' dir='ltr'>inciperet</span> <span class='ocrx_word' id='word_1_233' title='bbox 1150 1932 1367 1972; x_wconf 86' lang='lat' dir='ltr'>metuebant,</span> <span class='ocrx_word' id='word_1_234' title='bbox 1393 1932 1477 1966; x_wconf 86' lang='lat' dir='ltr'>item</span> <span class='ocrx_word' id='word_1_235' title='bbox 1503 1933 1546 1966; x_wconf 92' lang='lat' dir='ltr'>de</span> <span class='ocrx_word' id='word_1_236' title='bbox 1570 1933 1754 1968; x_wconf 78' lang='lat' dir='ltr'>Paschatis</span> 
     </span>
     <span class='ocr_line' id='line_1_29' title="bbox 364 1988 1718 2035; baseline 0.002 -14"><span class='ocrx_word' id='word_1_237' title='bbox 364 1989 608 2022; x_wconf 86' lang='lat' dir='ltr'>observatione</span> <span class='ocrx_word' id='word_1_238' title='bbox 626 1989 743 2022; x_wconf 88' lang='lat' dir='ltr'>doceri</span> <span class='ocrx_word' id='word_1_239' title='bbox 761 1988 961 2032; x_wconf 79' lang='lat' dir='ltr'>cupiebant.</span> <span class='ocrx_word' id='word_1_240' title='bbox 1014 1988 1163 2033; x_wconf 88' lang='lat' dir='ltr'>Scripsit</span> <span class='ocrx_word' id='word_1_241' title='bbox 1180 2000 1265 2035; x_wconf 87' lang='lat' dir='ltr'>ergo</span> <span class='ocrx_word' id='word_1_242' title='bbox 1284 1989 1513 2023; x_wconf 87' lang='lat' dir='ltr'>Hermannus</span> <span class='ocrx_word' id='word_1_243' title='bbox 1532 1991 1718 2035; x_wconf 84' lang='lat' dir='ltr'>presbyter</span> 
     </span>
     <span class='ocr_line' id='line_1_30' title="bbox 511 2045 1757 2093; baseline 0.004 -15"><span class='ocrx_word' id='word_1_244' title='bbox 511 2045 693 2089; x_wconf 89' lang='lat' dir='ltr'>Epistolas</span> <span class='ocrx_word' id='word_1_245' title='bbox 712 2046 756 2078; x_wconf 93' lang='lat' dir='ltr'>ad</span> <span class='ocrx_word' id='word_1_246' title='bbox 776 2045 969 2085; x_wconf 86' lang='lat' dir='ltr'>Hilarium,</span> <span class='ocrx_word' id='word_1_247' title='bbox 989 2051 1188 2079; x_wconf 82' lang='lat' dir='ltr'>servantem</span> <span class='ocrx_word' id='word_1_248' title='bbox 1207 2047 1323 2080; x_wconf 91' lang='lat' dir='ltr'>locum</span> <span class='ocrx_word' id='word_1_249' title='bbox 1341 2052 1484 2080; x_wconf 86' lang='lat' dir='ltr'>sanctae</span> <span class='ocrx_word' id='word_1_250' title='bbox 1501 2048 1593 2081; x_wconf 85' lang='lat' dir='ltr'>sedis</span> <span class='ocrx_word' id='word_1_251' title='bbox 1617 2054 1757 2093; x_wconf 90' lang='lat' dir='ltr'>aposto-</span> 
     </span>
     <span class='ocr_line' id='line_1_31' title="bbox 561 2102 1509 2147; baseline 0.002 -12"><span class='ocrx_word' id='word_1_252' title='bbox 561 2102 658 2142; x_wconf 81' lang='lat' dir='ltr'>licae,</span> <span class='ocrx_word' id='word_1_253' title='bbox 678 2106 713 2135; x_wconf 86' lang='lat' dir='ltr'>et</span> <span class='ocrx_word' id='word_1_254' title='bbox 730 2103 828 2141; x_wconf 86' lang='lat' dir='ltr'>alios,</span> <span class='ocrx_word' id='word_1_255' title='bbox 847 2103 890 2135; x_wconf 89' lang='lat' dir='ltr'>de</span> <span class='ocrx_word' id='word_1_256' title='bbox 908 2102 1100 2147; x_wconf 88' lang='lat' dir='ltr'>Pelagiana</span> <span class='ocrx_word' id='word_1_257' title='bbox 1120 2102 1281 2143; x_wconf 88' lang='lat' dir='ltr'>Haeresi,</span> <span class='ocrx_word' id='word_1_258' title='bbox 1403 2104 1463 2137; x_wconf 90' lang='lat' dir='ltr'>lib.</span> <span class='ocrx_word' id='word_1_259' title='bbox 1485 2113 1509 2138; x_wconf 88' lang='lat'>1.</span> 
     </span>
     <span class='ocr_line' id='line_1_32' title="bbox 415 2158 1757 2207; baseline 0.004 -15"><span class='ocrx_word' id='word_1_260' title='bbox 415 2158 568 2193; x_wconf 81' lang='lat' dir='ltr'>Vivebat</span> <span class='ocrx_word' id='word_1_261' title='bbox 587 2170 679 2193; x_wconf 86' lang='lat' dir='ltr'>anno</span> <span class='ocrx_word' id='word_1_262' title='bbox 698 2168 866 2193; x_wconf 79' lang='lat' dir='ltr'>DCLXVL</span> <span class='ocrx_word' id='word_1_263' title='bbox 904 2159 1059 2193; x_wconf 90' lang='lat' dir='ltr'>Nomina</span> <span class='ocrx_word' id='word_1_264' title='bbox 1077 2160 1162 2193; x_wconf 85' lang='lat' dir='ltr'>haec</span> <span class='ocrx_word' id='word_1_265' title='bbox 1180 2165 1346 2205; x_wconf 88' lang='lat' dir='ltr'>corrupta</span> <span class='ocrx_word' id='word_1_266' title='bbox 1365 2172 1494 2207; x_wconf 89' lang='lat' dir='ltr'>magna</span> <span class='ocrx_word' id='word_1_267' title='bbox 1512 2173 1555 2196; x_wconf 85' lang='lat' dir='ltr'>ex</span> <span class='ocrx_word' id='word_1_268' title='bbox 1569 2168 1679 2207; x_wconf 85' lang='lat' dir='ltr'>parte,</span> <span class='ocrx_word' id='word_1_269' title='bbox 1699 2176 1757 2198; x_wconf 90' lang='lat' dir='ltr'>su-</span> 
     </span>
     <span class='ocr_line' id='line_1_33' title="bbox 366 2216 847 2261; baseline -0.002 -11"><span class='ocrx_word' id='word_1_270' title='bbox 366 2228 430 2261; x_wconf 91' lang='lat' dir='ltr'>pra</span> <span class='ocrx_word' id='word_1_271' title='bbox 447 2216 513 2249; x_wconf 83' lang='lat' dir='ltr'>hoc</span> <span class='ocrx_word' id='word_1_272' title='bbox 530 2227 635 2259; x_wconf 85' lang='lat' dir='ltr'>opere</span> <span class='ocrx_word' id='word_1_273' title='bbox 654 2222 847 2250; x_wconf 83' lang='lat' dir='ltr'>ostensum.</span> 
     </span>
    </p>
   </div>
   <div class='ocr_carea' id='block_1_7' title="bbox 778 2314 1339 2351">
    <p class='ocr_par' dir='ltr' id='par_1_7' title="bbox 778 2314 1339 2351">
     <span class='ocr_line' id='line_1_34' title="bbox 778 2314 1339 2351; baseline 0.005 -4"><span class='ocrx_word' id='word_1_274' title='bbox 778 2314 813 2348; x_wconf 91' lang='lat' dir='ltr'>S.</span> <span class='ocrx_word' id='word_1_275' title='bbox 842 2314 913 2347; x_wconf 92' lang='lat' dir='ltr'>HE</span> <span class='ocrx_word' id='word_1_276' title='bbox 919 2314 1203 2349; x_wconf 88' lang='lat' dir='ltr'>REBERTUS.</span> <span class='ocrx_word' id='word_1_277' title='bbox 1257 2314 1339 2351; x_wconf 85' lang='lat'><strong>668.</strong></span> 
     </span>
    </p>
   </div>
   <div class='ocr_carea' id='block_1_8' title="bbox 368 2387 1759 2491">
    <p class='ocr_par' dir='ltr' id='par_1_8' title="bbox 368 2387 1759 2491">
     <span class='ocr_line' id='line_1_35' title="bbox 370 2387 1759 2439; baseline 0.006 -18"><span class='ocrx_word' id='word_1_278' title='bbox 370 2388 406 2422; x_wconf 91' lang='lat' dir='ltr'>S.</span> <span class='ocrx_word' id='word_1_279' title='bbox 440 2387 721 2422; x_wconf 81' lang='lat' dir='ltr'><strong>HEREBERTUS</strong></span> <span class='ocrx_word' id='word_1_280' title='bbox 755 2388 892 2428; x_wconf 89' lang='lat' dir='ltr'>Scotus,</span> <span class='ocrx_word' id='word_1_281' title='bbox 924 2388 960 2422; x_wconf 89' lang='lat' dir='ltr'>S.</span> <span class='ocrx_word' id='word_1_282' title='bbox 987 2388 1164 2423; x_wconf 89' lang='lat' dir='ltr'>Bonifacii</span> <span class='ocrx_word' id='word_1_283' title='bbox 1188 2389 1399 2426; x_wconf 89' lang='lat' dir='ltr'>Germaniae</span> <span class='ocrx_word' id='word_1_284' title='bbox 1427 2393 1577 2437; x_wconf 89' lang='lat' dir='ltr'>apostoli</span> <span class='ocrx_word' id='word_1_285' title='bbox 1606 2394 1759 2439; x_wconf 90' lang='lat' dir='ltr'>discipu-</span> 
     </span>
     <span class='ocr_line' id='line_1_36' title="bbox 368 2447 1758 2491; baseline 0.004 -12"><span class='ocrx_word' id='word_1_286' title='bbox 368 2447 434 2486; x_wconf 85' lang='lat' dir='ltr'>lus,</span> <span class='ocrx_word' id='word_1_287' title='bbox 478 2457 522 2479; x_wconf 88' lang='lat' dir='ltr'>ex</span> <span class='ocrx_word' id='word_1_288' title='bbox 552 2456 686 2486; x_wconf 88' lang='lat' dir='ltr'>eorum,</span> <span class='ocrx_word' id='word_1_289' title='bbox 721 2451 762 2480; x_wconf 89' lang='lat' dir='ltr'>ut</span> <span class='ocrx_word' id='word_1_290' title='bbox 792 2450 892 2490; x_wconf 88' lang='lat' dir='ltr'>puto,</span> <span class='ocrx_word' id='word_1_291' title='bbox 929 2457 1078 2481; x_wconf 90' lang='lat' dir='ltr'>numero</span> <span class='ocrx_word' id='word_1_292' title='bbox 1111 2447 1173 2491; x_wconf 92' lang='lat' dir='ltr'>qui</span> <span class='ocrx_word' id='word_1_293' title='bbox 1205 2459 1248 2481; x_wconf 86' lang='lat' dir='ltr'>ex</span> <span class='ocrx_word' id='word_1_294' title='bbox 1279 2448 1469 2484; x_wconf 76' lang='lat' dir='ltr'>Britannia</span> <span class='ocrx_word' id='word_1_295' title='bbox 1503 2450 1547 2485; x_wconf 89' lang='lat' dir='ltr'>ab</span> <span class='ocrx_word' id='word_1_296' title='bbox 1581 2451 1642 2486; x_wconf 91' lang='lat' dir='ltr'>illo</span> <span class='ocrx_word' id='word_1_297' title='bbox 1677 2463 1758 2485; x_wconf 87' lang='lat' dir='ltr'>evo-</span> 
     </span>
    </p>
   </div>
  </div>
 </body>
</html>
