2060 2848
745 304 921 337 GENTIS
946 302 1224 341 SCOTORUM,
1249 303 1338 335 LIB.
1364 303 1409 334 X.
1712 302 1774 334 409

382 399 468 433 tiam
495 399 642 444 apponit
668 398 894 433 Bibliotheca
921 398 1106 432 Minorum
1132 397 1294 431 Patrum.
1346 395 1390 430 In
1416 395 1593 430 Chronico
1622 396 1771 430 Chroni-

382 467 504 490 corum
529 456 733 490 collectione
759 465 797 490 V.
825 465 887 489 eL.
913 455 1017 489 Joan.
1045 454 1220 489 Gualterii
1246 465 1328 500 pag.
1356 462 1537 489 cmxcnl.
1565 458 1586 473 “
1604 453 1770 488 Kilianus

381 518 519 558 martyr
532 513 691 547 Scotus.”
726 513 902 547 Trithem.
917 513 977 547 lib.
992 521 1018 546 1.
1033 512 1228 556 Compend.
1242 511 1375 546 Annal.
1390 522 1471 556 pag.
1492 519 1591 544 LV11.
1612 515 1633 530 “
1648 511 1771 545 Conon

380 569 417 603 S.
446 570 646 610 Kilianum,
669 570 812 604 natione
840 570 997 610 Scotum,
1023 570 1061 603 in
1089 570 1293 614 episcopum
1316 567 1532 603 ordinavit.”
1582 568 1679 602 Tum
1703 567 1774 602 Go-

380 627 502 662 bertus
529 628 588 661 ille
613 638 685 661 non
704 628 828 672 judex,
855 628 916 661 sed
940 627 1092 662 Hettani
1118 627 1290 672 principis
1315 626 1421 666 filius,
1447 630 1483 660 et
1508 626 1584 670 ipse
1607 626 1770 670 princeps

381 684 710 729 Herbipolensium.
763 684 1009 730 Egilunardus
1033 684 1194 718 monach.
1214 685 1252 718 in
1276 684 1352 718 Vit.
1371 683 1407 718 S.
1426 683 1628 717 Burchardi
1646 683 1706 717 lib.
1729 692 1771 716 11.

379 752 455 786 cap.
477 750 531 775 lv.
550 747 591 776 ut
610 742 772 776 omittam
791 752 863 775 non
880 742 993 785 ipsius
1007 741 1124 786 jussu,
1144 742 1205 775 sed
1222 742 1345 775 uxoris
1363 741 1488 775 fraude
1505 752 1564 775 eos
1582 741 1689 775 morti
1714 741 1774 774 ad-

379 799 503 833 dictos.
558 799 769 832 Franciscus
787 798 1018 842 Maurolycus
1037 798 1178 833 Siculus
1195 799 1234 832 in
1259 798 1519 844 Martyrologio
1545 798 1668 832 eodem
1691 797 1747 830 die
1763 808 1771 829 :

380 860 401 874 ‘⁶
419 855 631 890 Sanctorum
649 855 808 889 Caeliani
830 855 995 899 episcopi,
1020 866 1149 901 genere
1172 855 1280 895 Scoti,
1307 855 1472 889 Colonati
1497 855 1707 900 presbyteri,
1735 859 1771 888 et

381 912 534 946 Romani
549 913 697 952 diaconi,
716 917 916 957 martyrum
935 912 973 945 in
991 911 1183 946 Germania
1199 913 1294 957 apud
1307 911 1578 958 Wizeburgum,
1598 912 1771 946 Constan-

380 970 456 1003 tino
484 970 707 1014 imperatore,
737 980 825 1013 quos
854 968 1033 1003 Gerlanda
1062 980 1154 1003 uxor
1184 969 1352 1003 Gutberti
1378 970 1478 1003 ducis
1504 969 1654 1003 interfici
1680 970 1769 1003 clam

375 1027 496 1072 jussit,
514 1027 609 1071 quod
623 1026 811 1060 Caelianus
826 1026 903 1071 ejus
921 1026 998 1071 conj
1005 1027 1140 1072 ugium‚
1154 1027 1239 1070 quia
1252 1026 1322 1059 viri
1336 1025 1483 1060 fratrem
1498 1027 1660 1066 duxerat,
1674 1027 1771 1060 dam-

379 1084 529 1118 nasset.”
580 1083 674 1117 Satis
692 1083 800 1127 probe
817 1083 855 1116 in
873 1083 1034 1123 historia,
1057 1084 1139 1117 licet
1164 1083 1310 1117 nomina
1334 1084 1406 1117 sint
1430 1084 1708 1128 corruptissima,
1735 1088 1771 1117 et

380 1141 470 1174 male
496 1140 562 1174 sub
588 1140 815 1174 Constantini
847 1140 997 1183 imperio
1024 1141 1172 1181 locatur,
1199 1152 1280 1174 cum
1305 1141 1377 1174 sint
1401 1151 1491 1184 pene
1519 1140 1771 1186 quadringenti

379 1198 463 1231 anni
494 1197 682 1243 interjecti.
745 1196 928 1230 Notkerus
959 1196 1133 1232 Balbulus
1168 1198 1206 1231 in
1237 1197 1499 1243 Martyrologio
1524 1198 1580 1231 die
1606 1198 1771 1232 laudato:

381 1260 402 1274 ‘⁶
416 1255 460 1289 In
474 1266 566 1300 pago
579 1254 761 1294 Austriae,
775 1254 812 1287 id
829 1258 892 1292 est,
907 1265 1020 1288 novae
1035 1254 1206 1288 Franciae
1221 1260 1347 1294 castro,
1364 1254 1436 1288 imo
1449 1255 1606 1295 civitate,
1623 1259 1664 1289 ut
1679 1254 1773 1289 Teu-

381 1313 498 1346 tonico
529 1312 671 1345 nomine
701 1311 822 1355 prodit
851 1310 1059 1357 Wirzburg,
1088 1312 1197 1357 juxta
1227 1312 1330 1346 Moin
1361 1311 1511 1346 fluvium
1541 1313 1620 1353 sita,
1655 1313 1772 1356 passio

382 1369 417 1403 S.
437 1369 605 1408 Chiliani,
623 1368 729 1412 primi
748 1368 906 1413 ejusdem
924 1368 1081 1402 civitatis
1100 1370 1267 1414 episcopi,
1293 1373 1328 1403 et
1346 1370 1499 1403 duorum
1516 1370 1772 1414 discipulorum

381 1427 470 1472 ejus,
489 1426 652 1460 Colonati
670 1425 869 1470 presbyteri
887 1430 922 1459 et
942 1424 1100 1459 Totnani
1119 1426 1270 1466 diaconi,
1294 1426 1357 1471 qui
1382 1426 1427 1460 ab
1452 1426 1628 1460 Hibernia
1653 1426 1772 1462 Scoto-

381 1495 461 1517 rum
479 1484 597 1517 insula
613 1483 807 1521 venientes,
831 1486 866 1515 et
890 1494 911 1516 a
937 1482 1102 1526 pontifice
1129 1483 1221 1517 sedis
1249 1484 1460 1527 apostolicae
1485 1483 1695 1518 auctoritate
1717 1495 1772 1518 ac-

379 1545 492 1584 cepta,
510 1551 638 1573 nomen
657 1539 792 1573 Christi
810 1539 848 1572 in
866 1540 988 1573 eodem
1006 1540 1081 1573 loco
1099 1545 1134 1574 et
1156 1540 1309 1574 circuitu
1329 1540 1648 1584 praedicaverunt3
1675 1552 1772 1575 cum-

382 1608 451 1642 que
468 1598 622 1631 multum
647 1597 818 1641 populum
846 1596 940 1629 idem
966 1596 1023 1630 vir
1049 1597 1263 1641 apostolicus
1288 1597 1400 1642 signis
1424 1602 1460 1631 et
1483 1598 1591 1632 verbo
1616 1597 1771 1632 Domino

381 1655 589 1699 acquireret,
608 1665 628 1687 a
646 1654 733 1687 duce
751 1653 956 1687 eorumdem
974 1654 1144 1694 locorum,
1162 1654 1306 1687 nomine
1324 1653 1510 1694 Cozberto,
1527 1665 1593 1699 pro
1610 1666 1651 1689 eo
1676 1656 1771 1699 quod

380 1723 461 1745 eum
480 1723 501 1745 a
518 1711 684 1757 conjugio
702 1711 824 1745 uxoris
848 1710 970 1744 fratris
997 1711 1053 1746 sui
1071 1711 1275 1756 disjungere
1292 1711 1478 1751 niteretur,
1503 1711 1655 1746 factione
1678 1713 1772 1758 ejus-

381 1769 459 1802 dem
486 1768 806 1802 incestuosissimae
825 1767 957 1807 Geilae‚
983 1779 1064 1802 cum
1087 1768 1190 1802 sociis
1214 1768 1336 1802 eodem
1359 1769 1435 1802 zelo
1460 1768 1690 1809 ferventibus,
1717 1774 1770 1803 est

382 1826 649 1869 interemptus.’'
701 1824 826 1870 Pergit
844 1824 989 1859 verbose
1007 1836 1156 1869 poenam
1174 1836 1419 1869 percussorum
1438 1825 1593 1869 exsequi,
1607 1830 1648 1859 ut
1661 1837 1771 1870 supra

382 1882 586 1927 Sigebertus
601 1891 609 1915 ε
627 1882 725 1916 addit
743 1882 867 1915 ducem
886 1882 1003 1925 ipsum
1021 1893 1043 1915 a
1060 1882 1172 1915 servis
1190 1882 1263 1915 suis
1277 1882 1542 1926 interemptum,
1561 1882 1673 1916 filium
1691 1884 1768 1928 ejus

381 1939 583 1983 principatu
609 1951 630 1972 a
651 1940 783 1983 populo
801 1938 987 1983 dejectum.
1041 1938 1089 1972 H.
1117 1938 1286 1972 Rabanus
1313 1943 1349 1972 et
1374 1939 1449 1983 ipse
1474 1939 1512 1972 in
1538 1938 1767 1980 Gozbertum,

381 2007 453 2030 non
467 2000 608 2029 tantum
622 1996 660 2029 in
674 1995 824 2034 Geilam,
844 1995 919 2028 sive
934 1994 1127 2034 Ceilanam,
1139 1996 1278 2029 caedem
1293 2000 1493 2039 martyrum
1507 1996 1643 2041 rejicit:
1662 2007 1768 2040 quem

382 2053 473 2092 vide,
499 2057 540 2086 ut
566 2056 601 2086 et
625 2052 747 2086 eadem
773 2051 1067 2085 transcribentem
1096 2051 1271 2085 Joannem
1300 2052 1487 2086 Molanum
1507 2052 1694 2088 Addition.
1721 2054 1767 2088 ad

383 2109 598 2143 Usuardum.

429 2166 552 2201 Vitam
567 2166 604 2200 S.
620 2165 777 2200 chiliani
791 2166 898 2199 habet
915 2165 1041 2199 Surius
1060 2170 1145 2200 tom.
1167 2175 1219 2200 lv,
1239 2177 1282 2200 ex
1296 2177 1473 2212 anonymo
1490 2171 1643 2208 auctore,
1659 2179 1765 2214 quem

381 2224 493 2258 edidit
523 2228 559 2258 et
589 2224 684 2257 notis
713 2216 907 2257 illustravit
937 2222 1105 2256 Nicolaus
1136 2222 1308 2264 Serarius,
1340 2223 1417 2258 Soc.
1447 2224 1535 2258 Jesu
1568 2226 1764 2270 presbyter,

382 2281 497 2315 sedin
515 2288 641 2314 manus
667 2291 762 2314 meas
790 2290 861 2313 non
886 2280 1007 2313 venit:
1034 2280 1070 2313 in
1097 2280 1274 2324 epitomen
1296 2281 1433 2327 redegit
1456 2281 1665 2316 Franciscus
1691 2282 1765 2317 Ha-

381 2349 494 2377 raeus,
521 2343 556 2372 et
579 2338 701 2371 multis
720 2337 936 2371 Laurentius
959 2336 1119 2371 Francus
1145 2337 1188 2371 de
1214 2349 1254 2371 eo
1280 2338 1365 2383 agit,
1393 2338 1520 2373 Franc.
1548 2339 1674 2373 Irenic.
1701 2340 1762 2374 lib.

384 2403 443 2428 111.
463 2406 537 2439 cap.
558 2403 702 2429 LXXVI.
747 2394 963 2429 Consulendi
978 2400 1062 2428 sunt
1076 2394 1297 2429 Trithemius
1315 2395 1375 2429 lib.
1396 2404 1456 2429 111.
1476 2396 1517 2429 de
1536 2395 1633 2430 Viris
1651 2397 1760 2433 illust.
