2060 2848
656 316 833 349 GENTIS
857 316 1133 355 SCOTORUM,
1159 317 1249 349 LIB.
1274 317 1357 349 XII.
1638 316 1702 347 463

306 412 528 457 justissimae
545 411 626 445 fidei
645 422 751 445 causa
767 411 865 450 obeo,
884 411 921 444 in
948 411 1013 444 hoc
1038 421 1110 443 uno
1136 411 1302 449 dolitura,
1329 411 1424 455 quod
1451 421 1523 443 nou
1550 411 1698 444 viderim

311 469 523 508 Catholicos,
550 469 611 512 qui
631 469 709 502 dira
726 469 926 512 patiuntur,
952 468 1126 505 libertate,
1152 467 1196 500 ad
1222 466 1290 500 Dei
1316 468 1466 512 gloriam
1493 468 1700 511 priusquam

310 527 455 566 moriar,
469 526 627 559 donari.”
662 525 811 559 Ibidem.
847 525 1010 558 Scribens
1024 525 1249 567 postmodum
1263 525 1306 557 ad
1320 524 1343 557 J
1345 524 1520 557 ezabelem
1534 524 1701 569 Anglam,

311 588 475 627 paratum
494 583 561 616 sibi
579 583 757 627 spiritum,
778 582 925 615 Domini
940 581 1053 614 nostri
1072 582 1245 625 exemplo,
1263 586 1495 625 apprecatur:
1525 586 1545 601 ‘⁶
1564 581 1703 615 Miseri-

311 640 467 674 cordiam
485 639 553 673 Dei
573 641 724 684 imploro
741 650 848 684 super
865 650 931 677 me,
958 643 994 671 et
1011 649 1118 682 super
1135 649 1270 678 omneS,
1298 639 1359 683 qui
1377 638 1465 672 mihi
1484 643 1624 672 tantum
1643 639 1703 672 bo-

313 698 350 731 ni
368 698 613 734 conciliarunt,
639 701 681 730 ut
707 697 770 730 has
797 696 969 734 miserias,
996 700 1110 729 morte
1137 695 1334 736 innocente,
1361 696 1493 740 possim
1521 695 1703 729 evadere.”

312 754 448 789 Eadem
464 755 500 788 in
515 755 628 788 literis
643 755 686 787 ad
702 754 870 787 Carolum
885 752 951 786 IX.
966 753 1081 786 datis:
1100 757 1121 771 ‘⁶
1133 752 1276 798 Religio
1290 752 1483 793 Catholica‚
1499 758 1534 786 et
1544 754 1604 798 jus
1619 753 1705 798 legi-

311 813 440 846 timum
459 813 495 845 in
514 823 665 857 regnum
684 810 849 856 Angliae,
867 811 958 844 duae
976 821 1100 844 causae
1118 813 1212 845 solae
1230 811 1356 844 mortis
1375 822 1473 845 meae
1491 812 1609 845 sunt.”
1643 811 1703 845 Ad

312 881 423 904 unum
439 882 457 903 e
469 869 696 914 magnatibus
710 868 876 906 scribens,
894 872 914 886 ⁶⁶
928 867 988 901 Me
1002 868 1116 907 viva‚'’
1128 869 1256 912 inquit,
1270 873 1291 887 ⁶⁶
1304 873 1418 902 status
1436 869 1617 914 religionis
1629 869 1706 902 An-

312 927 471 973 glicanae
489 926 680 960 subsistere
704 937 775 959 non
801 930 962 969 poterat3
990 936 1057 970 ago
1076 924 1152 959 Deo
1174 926 1320 971 gratias,
1347 926 1441 969 quod
1470 926 1590 960 videar
1618 927 1704 960 adeo

313 985 401 1018 utile
415 985 693 1017 instrumentum
706 983 936 1016 stabiliendae
951 982 989 1015 in
1003 982 1068 1015 hac
1083 983 1199 1016 insula
1211 983 1323 1016 fidei.”
1350 982 1392 1016 In
1407 982 1475 1016 fine
1490 995 1611 1017 earum
1627 984 1703 1017 lite-

314 1053 446 1080 rarum,
466 1045 488 1060 ⁶⁶
502 1041 595 1074 Mihi
614 1040 790 1084 quidem,’'
806 1040 935 1083 inquit,
957 1040 1288 1084 “jucundissimum
1303 1039 1372 1073 fuit
1391 1051 1538 1084 semper,
1559 1046 1594 1074 et
1613 1053 1706 1075 nunc

308 1097 503 1142 jucundius
521 1101 585 1135 est,
600 1096 712 1129 vitam
731 1095 821 1128 hanc
839 1094 1034 1129 sacrificare
1052 1107 1117 1140 pro
1134 1097 1248 1130 salute
1268 1098 1466 1131 animarum
1480 1098 1589 1143 hujus
1608 1098 1706 1132 insu-

313 1154 399 1188 lae.”
426 1153 521 1187 Tum
534 1153 676 1187 demum
692 1153 728 1186 in
741 1153 881 1186 theatro
892 1153 953 1186 illo
964 1153 1107 1198 lugubri
1121 1154 1308 1187 moritura:
1324 1154 1390 1187 “Si
1402 1155 1578 1199 quispiam
1593 1156 1630 1189 in
1641 1156 1706 1189 hoc

313 1217 416 1246 coetu
435 1211 639 1245 Catholicus
658 1212 716 1250 sit,
735 1215 811 1244 oret
829 1221 894 1254 pro
911 1222 978 1249 me,
997 1215 1031 1244 et
1054 1215 1205 1245 testetur
1229 1222 1284 1244 me
1302 1212 1528 1246 innocentem
1554 1213 1645 1246 mori
1670 1213 1707 1245 in

314 1269 530 1314 professione
545 1269 624 1302 fidei
637 1268 852 1308 Catholicae,
867 1268 1089 1312 apostolicae,
1101 1273 1136 1301 et
1148 1268 1368 1302 Romanae:'’
1382 1274 1417 1302 et
1431 1270 1620 1314 quisquam
1634 1281 1708 1303 mo-

315 1329 449 1361 riturae
474 1338 545 1360 non
569 1327 715 1360 credet?
745 1325 824 1359 Hoc
850 1330 1028 1360 testantur
1053 1326 1220 1359 seditiosa
1238 1327 1511 1360 ministellorum
1531 1327 1707 1361 Sathanae

314 1384 557 1424 conciliabula,
578 1385 615 1417 in
632 1384 763 1428 quibus
781 1384 824 1417 ad
843 1384 960 1417 ravim
977 1383 1245 1423 inclamabatur,
1265 1388 1286 1403 ⁶⁶
1302 1384 1391 1417 nihil
1406 1395 1480 1417 esse
1498 1389 1571 1417 tam
1591 1395 1707 1418 neces-

314 1443 448 1476 sarium
465 1453 573 1486 quam
592 1452 687 1475 mors
705 1442 791 1475 haec
807 1440 930 1474 futura
947 1440 1019 1481 sit3
1047 1451 1122 1474 esse
1148 1441 1259 1474 vitam
1278 1441 1483 1486 religionis3
1511 1442 1706 1485 principem

315 1500 407 1533 hanc
424 1499 629 1543 aliquando,
647 1499 808 1542 exemplo
826 1498 974 1538 Mariae,
995 1503 1031 1531 et
1048 1497 1152 1531 fidem
1171 1498 1370 1532 Romanam
1394 1499 1633 1538 remissuram,
1658 1505 1703 1539 et,

316 1557 392 1590 loco
420 1562 589 1595 amotam,
617 1556 852 1600 reposituram
882 1566 994 1599 papae
1020 1555 1332 1589 dominationem.”
1390 1555 1491 1602 Ergo
1518 1556 1575 1590 hic
1602 1567 1707 1590 verus

317 1614 548 1648 sectariorum
563 1613 688 1653 timor;
708 1613 768 1646 sed
783 1618 818 1646 et
829 1613 907 1656 ipsa
919 1614 1003 1656 lupa
1016 1611 1149 1658 Angla,
1161 1613 1246 1646 dum
1265 1613 1476 1646 sententiam
1494 1614 1653 1658 iniquam
1672 1615 1708 1647 in

316 1682 393 1705 eam
405 1671 579 1714 publicat:
595 1674 616 1690 ‘⁶
628 1670 746 1704 Causa
759 1670 945 1715 evangelii,
960 1674 995 1703 et
1009 1681 1112 1703 verae
1125 1670 1307 1715 religionis
1322 1669 1467 1709 Christi,
1482 1682 1552 1714 pax
1565 1677 1600 1705 et
1614 1676 1708 1705 tran-

316 1729 476 1773 quillitas
494 1728 606 1773 regni,
624 1728 869 1762 necessitatem
888 1727 1014 1761 mortis
1031 1727 1062 1760 ei
1083 1727 1306 1766 denuntiant,
1321 1732 1355 1761 et
1370 1728 1471 1761 nobis
1489 1729 1708 1772 impommtl’

317 1786 404 1830 Cap.
422 1795 511 1819 xlx.
548 1785 784 1829 Prosequitur
801 1785 1027 1829 postmodum
1054 1795 1209 1824 narrare,
1236 1789 1258 1803 ⁶⁶
1276 1795 1353 1817 eam
1372 1785 1415 1818 ab
1433 1785 1577 1818 ineunte
1595 1791 1708 1819 aetate

317 1848 532 1887 corruptam,
548 1848 583 1876 et
597 1842 770 1875 imbutam
785 1852 902 1875 errore
916 1847 1066 1885 papatus
1080 1841 1113 1881 ;''
1131 1842 1169 1874 in
1182 1842 1421 1886 sequentibuS,
1438 1847 1459 1861 ‘⁶
1472 1843 1580 1876 vitam
1596 1854 1707 1881 suam,

318 1901 418 1945 regni
437 1911 569 1943 pacem,
588 1899 769 1944 religionis
787 1898 931 1937 bonum,
950 1899 1032 1931 viva
1050 1899 1173 1943 regina
1191 1897 1342 1938 Scotiae,
1361 1899 1548 1932 titubare.”
1591 1899 1648 1933 Sic
1666 1911 1708 1933 ex

320 1969 384 1991 sua
398 1962 433 1990 et
447 1956 730 1990 adversariorum
746 1955 962 1989 confessione
976 1960 1124 1994 constat,
1136 1966 1208 1989 nou
1221 1956 1325 1989 aliam
1339 1967 1492 1996 causam,
1508 1968 1612 2000 quam
1629 1956 1707 1990 fidei

319 2014 537 2048 orthodoxae
549 2013 730 2051 tutandae,
745 2013 939 2046 inventam.
985 2012 1115 2045 Servus
1131 2012 1291 2056 publicus
1310 2013 1502 2046 abscissum
1521 2014 1707 2047 ostendens

319 2077 437 2116 caput,
449 2070 741 2114 “Deus,’'inquit,
750 2068 1028 2103 “Elizabetham
1038 2069 1208 2108 fortuuet,
1216 2069 1267 2102 ita
1278 2070 1417 2103 eveniat
1429 2070 1589 2104 hostibus
1602 2082 1707 2104 evan-

319 2130 433 2174 gelii‚”
448 2128 620 2162 haeresim
635 2127 849 2172 intelligens,
868 2126 969 2172 cujus
988 2126 1048 2160 illa
1062 2126 1174 2159 hostis
1188 2131 1275 2160 erat.
1318 2126 1554 2171 Epitaphium
1569 2128 1600 2161 ei
1616 2130 1705 2162 mul-

322 2187 350 2220 ti
369 2186 478 2219 variis
496 2185 628 2230 linguis
646 2190 865 2228 panxerunt3
884 2184 945 2216 setl
963 2184 1033 2216 duo
1051 2187 1191 2216 tantum
1210 2194 1397 2227 apponam.
1444 2184 1605 2218 Primum
1620 2191 1673 2220 est
1688 2199 1707 2220 a

322 2243 499 2287 Maphaeo
525 2241 735 2279 Barberino,
761 2241 911 2284 patricio
929 2240 1148 2278 Florentino,
1174 2241 1392 2275 adolescente
1410 2253 1584 2275 annorum
1603 2252 1705 2276 xvn.

321 2306 516 2338 exaratum,
545 2304 586 2333 ut
614 2303 781 2342 appareat
812 2298 1054 2331 sanctissimae
1082 2298 1250 2341 martyris
1281 2298 1454 2342 precibus,
1484 2304 1520 2333 et
1549 2301 1706 2335 cardina-

322 2359 391 2391 lem
421 2362 456 2390 et
484 2356 668 2390 Scotorum
704 2359 937 2399 protectorem
968 2366 1048 2388 eum
1074 2360 1196 2399 postea
1223 2356 1387 2396 evasisse,
1415 2362 1449 2390 et
1475 2363 1516 2391 ut
1543 2369 1607 2392 nos
1635 2369 1705 2391 om-

322 2425 383 2448 nes
417 2424 647 2459 auguramur,
682 2417 715 2446 et
751 2411 1033 2456 incomparabilis
1077 2412 1191 2445 virtus
1233 2418 1463 2456 promeretur,
1506 2415 1704 2458 pontificem

1171 2706 1198 2763 ,ιμ’
