2060 2848
656 298 832 331 GENTIS
857 298 1134 336 SCOTORUM,
1159 299 1249 331 LIB.
1273 298 1356 330 XII.
1641 297 1704 330 467

780 448 1092 483 MARCERIUS.
1146 451 1230 485 881.

310 565 569 605 MARCEmUS,
588 563 853 599 vetustissimus
872 569 1004 604 auctor,
1019 564 1157 608 primus
1174 564 1333 598 omnium
1348 575 1404 598 res
1418 563 1603 598 Scotorum
1617 565 1699 598 scri-

309 622 389 656 bere
410 634 568 662 exorsus,
587 622 710 662 edidit,
729 622 845 666 prisca
863 626 898 655 et
916 622 1057 667 vulgari
1075 621 1262 656 Scotorum
1280 622 1416 667 lingua,

453 679 664 714 Adventum
682 679 870 713 Scotorum
888 679 926 712 in
943 678 1134 713 Albionem
1299 679 1361 713 lib.
1382 688 1407 713 1.

457 737 602 782 Regum
621 736 807 770 Scotorum
827 735 936 770 Gesta
1296 737 1359 771 lib.
1378 746 1404 770 1.
1469 736 1530 771 Ex
1570 737 1698 782 quibus

505 796 672 839 pleraque
690 793 951 834 Veremundus,
970 794 1138 828 historiae
1157 793 1314 828 Scoticae
1339 794 1449 828 veluti
1476 794 1555 828 fons
1581 799 1617 829 et
1642 805 1697 838 pa·

509 863 601 891 rens,
620 852 875 895 desumpserat.

358 909 539 943 Historiae
558 920 641 943 suae
660 909 785 942 seriem
804 909 972 953 perduxit
989 909 1034 942 ad
1052 909 1187 955 Regem
1206 909 1445 950 Caractacum,
1465 910 1526 954 qui
1545 909 1615 944 fuit
1635 921 1701 944 nu-

308 978 404 1001 mero
424 975 546 1000 XV111.
573 977 649 1005 reX,
668 966 735 999 hoc
757 970 821 1006 est,
847 977 959 1010 usque
978 967 1023 1000 ad
1040 978 1174 1000 annum
1198 968 1322 1001 salutis
1341 976 1431 1001 L111.
1482 967 1553 1001 Hic
1571 972 1624 1002 est
1641 968 1700 1002 ille

305 1024 529 1064 CaractacuS,
557 1024 619 1068 qui
636 1035 756 1057 rerum
782 1028 962 1069 gestarum
989 1023 1085 1058 fama
1110 1035 1231 1058 omnes
1257 1025 1313 1058 sui
1338 1025 1416 1058 aevi
1440 1025 1617 1069 principes
1643 1036 1700 1059 su-

307 1087 418 1126 perat,
444 1082 577 1126 quique
601 1081 752 1127 gloriam
779 1080 919 1114 Claudii
945 1081 1170 1125 imperatoris
1196 1081 1342 1115 mirifice
1368 1082 1481 1121 auxit,
1508 1082 1587 1116 dolo
1614 1082 1699 1116 Car-

306 1140 526 1173 bamanduae
544 1144 869 1182 novercaecaptuffi
896 1149 936 1172 ac
962 1138 1114 1172 Romam
1142 1139 1351 1183 triumphali
1376 1150 1507 1184 pompa
1531 1141 1698 1184 praeduc-

305 1202 375 1231 tus,
428 1196 575 1230 Praeter
593 1197 738 1230 annales
756 1200 944 1236 nostrates,
963 1195 1003 1230 C.
1023 1195 1172 1230 Tacitus
1190 1203 1226 1230 et
1245 1198 1316 1231 alii.

711 1368 747 1402 S.
776 1367 1158 1403 MAILDULPHUS.
1210 1372 1294 1404 882.

306 1484 341 1518 S.
361 1484 681 1523 MAILDULPHUS‚
700 1488 933 1528 cognomento
953 1483 1196 1530 Paedagogus,
1223 1484 1298 1518 sive
1317 1484 1570 1529 Maedulphus,
1589 1485 1614 1519 J
1615 1498 1697 1520 oan-

304 1553 366 1576 nes
393 1541 563 1575 Leslaeus
590 1541 650 1575 lib.
679 1550 735 1574 lv,
767 1552 848 1586 pag.
877 1550 1033 1574 CLXVII.
1060 1541 1136 1575 sive
1162 1541 1428 1586 Meyldulphus,
1458 1547 1478 1561 ‘⁶
1498 1544 1695 1578 eruditione

304 1598 547 1643 philosophus,
566 1598 785 1642 professione
804 1598 1029 1638 monachus,”
1056 1599 1106 1632 ait
1132 1598 1347 1633 W'Vilhelmus
1366 1599 1694 1636 Malmesburiensis

304 1656 363 1690 lib.
387 1665 412 1689 1.
431 1656 474 1689 de
493 1655 611 1689 Gestis
630 1656 721 1701 Reg.
737 1655 847 1702 Angl.
866 1667 947 1701 pag.
964 1665 1018 1690 VI.
1046 1661 1067 1675 ‘⁶
1081 1655 1307 1696 Eruditione,
1326 1662 1361 1691 et
1378 1657 1521 1702 ingenio
1540 1659 1698 1703 singula-

303 1714 344 1753 ri,
363 1713 493 1747 Latine
511 1718 546 1747 et
564 1713 696 1747 Graece
714 1714 871 1747 doctus.”
905 1713 929 1747 J
931 1725 1012 1747 oan.
1027 1713 1259 1760 Capgravius.
1296 1714 1541 1748 Romanorum
1559 1717 1693 1750 rituum

303 1772 506 1811 acerrimus,
539 1776 574 1805 et
604 1783 713 1815 paene
749 1772 904 1804 invictus
931 1777 1187 1817 propugnator,
1214 1771 1412 1806 aedificavit
1439 1774 1693 1807 monasterium

302 1828 339 1861 in
365 1828 501 1874 Anglia
527 1829 854 1868 Malmesburiense,
885 1833 938 1862 tot
964 1828 1217 1862 monachorum
1247 1841 1288 1863 ac
1321 1834 1523 1863 sanctorum
1550 1835 1694 1874 patruni

300 1886 540 1919 domicilium:
559 1890 579 1904 “
594 1886 723 1930 degens
742 1886 779 1918 in
798 1897 939 1918 nemore
958 1885 1054 1926 i110‚”
1072 1886 1122 1919 ait
1140 1885 1337 1920 Gulielmus
1356 1886 1693 1927 Malmesburiensiffi

303 1948 324 1961 “
342 1954 499 1982 amoeno,
518 1943 699 1976 deficiente
718 1943 815 1976 victu
833 1942 1058 1976 scholasticos
1081 1942 1211 1981 docuit,
1240 1943 1301 1986 qui
1329 1948 1448 1986 postea
1474 1954 1594 1976 omnes
1620 1955 1694 1977 mo·

303 2000 404 2033 nachi
424 2004 613 2033 evaserunt
628 1998 663 2032 :”
683 2011 789 2043 quam
808 2000 947 2033 laudem
967 2000 1073 2032 etiam
1093 1999 1289 2033 haereticus
1308 2000 1508 2034 camdenus
1526 2000 1692 2035 attribuit

303 2058 339 2091 in
366 2055 551 2090 Wiltslzire
568 2068 649 2102 pag.
669 2065 840 2090 CLXXIV.
868 2061 890 2075 “
908 2056 1106 2090 Maldulfus
1124 2057 1268 2101 quidam
1287 2057 1423 2096 Scotus,
1443 2058 1499 2090 vir
1517 2057 1690 2103 singulari

302 2116 443 2159 pietate,
462 2119 497 2147 et
511 2125 651 2147 summa
668 2114 899 2147 eruditione.”
952 2113 1049 2146 Idem
1065 2113 1299 2158 Capgravius,
1320 2113 1510 2154 Lelandus,
1526 2114 1689 2155 Balaeus,

302 2172 403 2206 nobis
423 2171 548 2210 hostis,
567 2177 602 2204 et
621 2171 756 2204 frustra
774 2170 832 2203 hic
850 2171 1050 2204 mendicent
1069 2170 1232 2204 Hiberni.
1284 2171 1433 2214 Scripsit

450 2228 522 2262 Pro
541 2228 630 2262 Ritu
648 2228 822 2266 Romano,
841 2233 963 2261 eontra
981 2227 1173 2261 Britannos
1192 2232 1298 2272 atque
1315 2227 1448 2267 Scotos,
1485 2228 1545 2262 lib.
1566 2238 1590 2262 1.

448 2286 504 2319 De
522 2285 778 2319 Observatione
798 2285 953 2318 Paschae
1487 2286 1547 2319 lib.
1568 2295 1593 2320 1.

450 2343 521 2377 Pro
540 2342 706 2376 Tonsura
724 2353 763 2375 ac
782 2341 958 2375 Clericatu
1484 2343 1545 2376 lib.
1565 2352 1589 2376 ι.
