<?xml version="1.0" encoding="UTF-8"?>
<!DOCTYPE html PUBLIC "-//W3C//DTD XHTML 1.0 Transitional//EN"
    "http://www.w3.org/TR/xhtml1/DTD/xhtml1-transitional.dtd">
<html xmlns="http://www.w3.org/1999/xhtml" xml:lang="en" lang="en">
 <head>
  <title>
</title>
<meta http-equiv="Content-Type" content="text/html;charset=utf-8" />
  <meta name='ocr-system' content='tesseract 3.04.00' />
  <meta name='ocr-capabilities' content='ocr_page ocr_carea ocr_par ocr_line ocrx_word'/>
</head>
<body>
  <div class='ocr_page' id='page_1' title='image "./thomaedempster2102dempuoft_0089.png"; bbox 0 0 2060 2848; ppageno 0'>
   <div class='ocr_carea' id='block_1_1' title="bbox 675 293 1708 334">
    <p class='ocr_par' dir='ltr' id='par_1_1' title="bbox 675 293 1708 334">
     <span class='ocr_line' id='line_1_1' title="bbox 675 293 1708 334; baseline -0.005 -3"><span class='ocrx_word' id='word_1_1' title='bbox 675 298 852 331; x_wconf 89' lang='lat' dir='ltr'><strong>GENTIS</strong></span> <span class='ocrx_word' id='word_1_2' title='bbox 877 295 1155 334; x_wconf 89' lang='lat' dir='ltr'><strong>SCOTORUM‚</strong></span> <span class='ocrx_word' id='word_1_3' title='bbox 1181 295 1270 328; x_wconf 95' lang='lat' dir='ltr'><strong>LIB.</strong></span> <span class='ocrx_word' id='word_1_4' title='bbox 1293 295 1337 327; x_wconf 92' lang='lat' dir='ltr'><strong>X.</strong></span> <span class='ocrx_word' id='word_1_5' title='bbox 1645 293 1708 326; x_wconf 81' lang='lat'><strong>419</strong></span> 
     </span>
    </p>
   </div>
   <div class='ocr_carea' id='block_1_2' title="bbox 776 447 1242 484">
    <p class='ocr_par' dir='ltr' id='par_1_2' title="bbox 776 447 1242 484">
     <span class='ocr_line' id='line_1_2' title="bbox 776 447 1242 484; baseline -0.011 0"><span class='ocrx_word' id='word_1_6' title='bbox 776 450 811 484; x_wconf 88' lang='lat' dir='ltr'><strong>S.</strong></span> <span class='ocrx_word' id='word_1_7' title='bbox 840 447 1106 484; x_wconf 85' lang='lat' dir='ltr'><strong>KESSOGUS.</strong></span> <span class='ocrx_word' id='word_1_8' title='bbox 1160 449 1242 484; x_wconf 92' lang='grc'><strong>770.</strong></span> 
     </span>
    </p>
   </div>
   <div class='ocr_carea' id='block_1_3' title="bbox 317 560 1707 898">
    <p class='ocr_par' dir='ltr' id='par_1_3' title="bbox 317 560 1707 785">
     <span class='ocr_line' id='line_1_3' title="bbox 317 560 1706 611; baseline -0.006 -9"><span class='ocrx_word' id='word_1_9' title='bbox 317 569 353 602; x_wconf 88' lang='lat' dir='ltr'><strong>S.</strong></span> <span class='ocrx_word' id='word_1_10' title='bbox 373 568 593 607; x_wconf 83' lang='lat' dir='ltr'>KESSOGUS‚</span> <span class='ocrx_word' id='word_1_11' title='bbox 611 577 674 600; x_wconf 89' lang='lat' dir='ltr'><strong>seu</strong></span> <span class='ocrx_word' id='word_1_12' title='bbox 698 565 888 611; x_wconf 83' lang='lat' dir='ltr'><strong>Bessogus‚</strong></span> <span class='ocrx_word' id='word_1_13' title='bbox 914 575 957 598; x_wconf 82' lang='lat' dir='ltr'><strong>ex</strong></span> <span class='ocrx_word' id='word_1_14' title='bbox 984 563 1102 597; x_wconf 90' lang='lat' dir='ltr'><strong>Scotia</strong></span> <span class='ocrx_word' id='word_1_15' title='bbox 1123 562 1162 595; x_wconf 89' lang='lat' dir='ltr'><strong>in</strong></span> <span class='ocrx_word' id='word_1_16' title='bbox 1181 560 1392 595; x_wconf 87' lang='lat' dir='ltr'><strong>Hiberniam</strong></span> <span class='ocrx_word' id='word_1_17' title='bbox 1419 561 1605 606; x_wconf 86' lang='lat' dir='ltr'><strong>navigans,</strong></span> <span class='ocrx_word' id='word_1_18' title='bbox 1632 571 1706 594; x_wconf 91' lang='lat' dir='ltr'><strong>mo-</strong></span> 
     </span>
     <span class='ocr_line' id='line_1_4' title="bbox 318 617 1707 662; baseline -0.007 -2"><span class='ocrx_word' id='word_1_19' title='bbox 318 626 472 660; x_wconf 86' lang='lat' dir='ltr'><strong>nasticae</strong></span> <span class='ocrx_word' id='word_1_20' title='bbox 490 630 525 659; x_wconf 91' lang='lat' dir='ltr'><strong>et</strong></span> <span class='ocrx_word' id='word_1_21' title='bbox 543 624 720 658; x_wconf 84' lang='lat' dir='ltr'><strong>solitariae</strong></span> <span class='ocrx_word' id='word_1_22' title='bbox 738 624 832 657; x_wconf 85' lang='lat' dir='ltr'><strong>vitae</strong></span> <span class='ocrx_word' id='word_1_23' title='bbox 851 622 986 660; x_wconf 86' lang='lat' dir='ltr'><strong>sitiens,</strong></span> <span class='ocrx_word' id='word_1_24' title='bbox 1013 632 1049 654; x_wconf 93' lang='lat' dir='ltr'><strong>se</strong></span> <span class='ocrx_word' id='word_1_25' title='bbox 1073 624 1192 654; x_wconf 89' lang='lat' dir='ltr'><strong>totum</strong></span> <span class='ocrx_word' id='word_1_26' title='bbox 1209 618 1366 652; x_wconf 90' lang='lat' dir='ltr'><strong>Domino</strong></span> <span class='ocrx_word' id='word_1_27' title='bbox 1383 618 1601 662; x_wconf 84' lang='lat' dir='ltr'><strong>mancipavit</strong></span> <span class='ocrx_word' id='word_1_28' title='bbox 1616 628 1625 658; x_wconf 94' lang='lat'>;</span> <span class='ocrx_word' id='word_1_29' title='bbox 1653 617 1707 651; x_wconf 92' lang='lat' dir='ltr'><strong>in-</strong></span> 
     </span>
     <span class='ocr_line' id='line_1_5' title="bbox 319 676 1706 729; baseline -0.006 -12"><span class='ocrx_word' id='word_1_30' title='bbox 319 683 436 729; x_wconf 86' lang='lat' dir='ltr'><strong>signia</strong></span> <span class='ocrx_word' id='word_1_31' title='bbox 452 682 529 727; x_wconf 89' lang='lat' dir='ltr'><strong>ejus</strong></span> <span class='ocrx_word' id='word_1_32' title='bbox 547 681 642 726; x_wconf 88' lang='lat' dir='ltr'><strong>apud</strong></span> <span class='ocrx_word' id='word_1_33' title='bbox 660 680 777 714; x_wconf 91' lang='lat' dir='ltr'><strong>Deum</strong></span> <span class='ocrx_word' id='word_1_34' title='bbox 795 680 934 719; x_wconf 86' lang='lat' dir='ltr'><strong>merita,</strong></span> <span class='ocrx_word' id='word_1_35' title='bbox 952 679 990 712; x_wconf 90' lang='lat' dir='ltr'><strong>in</strong></span> <span class='ocrx_word' id='word_1_36' title='bbox 1008 676 1221 712; x_wconf 85' lang='lat' dir='ltr'><strong>Cathenesia</strong></span> <span class='ocrx_word' id='word_1_37' title='bbox 1247 677 1434 721; x_wconf 88' lang='lat' dir='ltr'><strong>pleraeque</strong></span> <span class='ocrx_word' id='word_1_38' title='bbox 1459 676 1562 710; x_wconf 88' lang='lat' dir='ltr'><strong>aedes</strong></span> <span class='ocrx_word' id='word_1_39' title='bbox 1588 685 1706 708; x_wconf 89' lang='lat' dir='ltr'><strong>sacrae</strong></span> 
     </span>
     <span class='ocr_line' id='line_1_6' title="bbox 318 736 1074 785; baseline -0.008 -11"><span class='ocrx_word' id='word_1_40' title='bbox 318 741 526 785; x_wconf 89' lang='lat' dir='ltr'><strong>loquuntur,</strong></span> <span class='ocrx_word' id='word_1_41' title='bbox 544 743 580 772; x_wconf 90' lang='lat' dir='ltr'><strong>et</strong></span> <span class='ocrx_word' id='word_1_42' title='bbox 597 737 758 782; x_wconf 91' lang='lat' dir='ltr'><strong>pluribus</strong></span> <span class='ocrx_word' id='word_1_43' title='bbox 776 737 936 771; x_wconf 86' lang='lat' dir='ltr'><strong>recolunt</strong></span> <span class='ocrx_word' id='word_1_44' title='bbox 955 736 1074 770; x_wconf 88' lang='lat' dir='ltr'><strong>vicini.</strong></span> 
     </span>
    </p>

    <p class='ocr_par' dir='ltr' id='par_1_4' title="bbox 318 787 1706 898">
     <span class='ocr_line' id='line_1_7' title="bbox 368 787 1706 832; baseline -0.005 -2"><span class='ocrx_word' id='word_1_45' title='bbox 368 797 510 830; x_wconf 89' lang='lat' dir='ltr'><strong>Floruit</strong></span> <span class='ocrx_word' id='word_1_46' title='bbox 527 807 620 830; x_wconf 88' lang='lat' dir='ltr'><strong>anno</strong></span> <span class='ocrx_word' id='word_1_47' title='bbox 638 803 727 829; x_wconf 85' lang='lat' dir='ltr'><strong>Dec.</strong></span> <span class='ocrx_word' id='word_1_48' title='bbox 780 793 920 828; x_wconf 89' lang='lat' dir='ltr'><strong>Colitur</strong></span> <span class='ocrx_word' id='word_1_49' title='bbox 939 802 979 826; x_wconf 85' lang='lat' dir='ltr'><strong>X.</strong></span> <span class='ocrx_word' id='word_1_50' title='bbox 998 791 1136 832; x_wconf 90' lang='lat' dir='ltr'><strong>Martii,</strong></span> <span class='ocrx_word' id='word_1_51' title='bbox 1156 795 1198 825; x_wconf 87' lang='lat' dir='ltr'><strong>ut</strong></span> <span class='ocrx_word' id='word_1_52' title='bbox 1214 791 1253 825; x_wconf 89' lang='lat' dir='ltr'><strong>in</strong></span> <span class='ocrx_word' id='word_1_53' title='bbox 1271 790 1444 825; x_wconf 86' lang='lat' dir='ltr'><strong>Florario.</strong></span> <span class='ocrx_word' id='word_1_54' title='bbox 1495 789 1587 824; x_wconf 90' lang='lat' dir='ltr'><strong>Vide</strong></span> <span class='ocrx_word' id='word_1_55' title='bbox 1611 790 1648 823; x_wconf 90' lang='lat' dir='ltr'><strong>in</strong></span> <span class='ocrx_word' id='word_1_56' title='bbox 1667 787 1706 823; x_wconf 85' lang='lat' dir='ltr'><strong>S.</strong></span> 
     </span>
     <span class='ocr_line' id='line_1_8' title="bbox 318 847 1509 898; baseline -0.005 -11"><span class='ocrx_word' id='word_1_57' title='bbox 318 851 588 898; x_wconf 69' lang='lat' dir='ltr'><strong>Malchessogus</strong></span> <span class='ocrx_word' id='word_1_58' title='bbox 605 852 664 886; x_wconf 82' lang='lat' dir='ltr'><strong>lib.</strong></span> <span class='ocrx_word' id='word_1_59' title='bbox 684 860 759 885; x_wconf 79' lang='lat' dir='ltr'><strong>XII.</strong></span> <span class='ocrx_word' id='word_1_60' title='bbox 778 851 815 885; x_wconf 90' lang='lat' dir='ltr'><strong>id</strong></span> <span class='ocrx_word' id='word_1_61' title='bbox 832 850 927 884; x_wconf 90' lang='lat' dir='ltr'><strong>enim</strong></span> <span class='ocrx_word' id='word_1_62' title='bbox 944 860 1073 884; x_wconf 89' lang='lat' dir='ltr'><strong>nomen</strong></span> <span class='ocrx_word' id='word_1_63' title='bbox 1090 853 1193 883; x_wconf 88' lang='lat' dir='ltr'><strong>sonat</strong></span> <span class='ocrx_word' id='word_1_64' title='bbox 1212 848 1327 883; x_wconf 90' lang='lat' dir='ltr'><strong>filium</strong></span> <span class='ocrx_word' id='word_1_65' title='bbox 1344 847 1509 894; x_wconf 86' lang='lat' dir='ltr'><strong>Kessogi.</strong></span> 
     </span>
    </p>
   </div>
   <div class='ocr_carea' id='block_1_4' title="bbox 772 962 1250 1000">
    <p class='ocr_par' dir='ltr' id='par_1_5' title="bbox 772 962 1250 1000">
     <span class='ocr_line' id='line_1_9' title="bbox 772 962 1250 1000; baseline -0.006 -1"><span class='ocrx_word' id='word_1_66' title='bbox 772 965 807 999; x_wconf 90' lang='lat' dir='ltr'><strong>S.</strong></span> <span class='ocrx_word' id='word_1_67' title='bbox 836 962 1115 999; x_wconf 87' lang='lat' dir='ltr'><strong>KENTILLA.</strong></span> <span class='ocrx_word' id='word_1_68' title='bbox 1168 965 1234 1000; x_wconf 91' lang='grc'><strong>771</strong></span> <span class='ocrx_word' id='word_1_69' title='bbox 1242 988 1250 997; x_wconf 92' lang='grc'><strong><em>.</em></strong></span> 
     </span>
    </p>
   </div>
   <div class='ocr_carea' id='block_1_5' title="bbox 317 1080 1709 1411">
    <p class='ocr_par' dir='ltr' id='par_1_6' title="bbox 317 1080 1709 1300">
     <span class='ocr_line' id='line_1_10' title="bbox 318 1080 1708 1126; baseline -0.004 -10"><span class='ocrx_word' id='word_1_70' title='bbox 318 1082 353 1116; x_wconf 90' lang='lat' dir='ltr'><strong>S.</strong></span> <span class='ocrx_word' id='word_1_71' title='bbox 374 1082 610 1123; x_wconf 79' lang='lat' dir='ltr'><strong>KENTILLA,</strong></span> <span class='ocrx_word' id='word_1_72' title='bbox 633 1082 818 1126; x_wconf 89' lang='lat' dir='ltr'><strong>episcopus</strong></span> <span class='ocrx_word' id='word_1_73' title='bbox 836 1080 1039 1120; x_wconf 84' lang='lat' dir='ltr'><strong>verdensis,</strong></span> <span class='ocrx_word' id='word_1_74' title='bbox 1067 1091 1111 1113; x_wconf 84' lang='lat' dir='ltr'><strong>ex</strong></span> <span class='ocrx_word' id='word_1_75' title='bbox 1126 1080 1280 1113; x_wconf 78' lang='lat' dir='ltr'><strong>-illorum</strong></span> <span class='ocrx_word' id='word_1_76' title='bbox 1306 1090 1466 1119; x_wconf 90' lang='lat' dir='ltr'><strong>numero,</strong></span> <span class='ocrx_word' id='word_1_77' title='bbox 1490 1089 1580 1122; x_wconf 90' lang='lat' dir='ltr'><strong>quos</strong></span> <span class='ocrx_word' id='word_1_78' title='bbox 1606 1088 1708 1122; x_wconf 87' lang='lat' dir='ltr'><strong>saepe</strong></span> 
     </span>
     <span class='ocr_line' id='line_1_11' title="bbox 317 1135 1709 1180; baseline -0.004 -7"><span class='ocrx_word' id='word_1_79' title='bbox 317 1140 393 1173; x_wconf 82' lang='lat' dir='ltr'><strong>dixi</strong></span> <span class='ocrx_word' id='word_1_80' title='bbox 412 1151 432 1173; x_wconf 89' lang='lat' dir='ltr'><strong>a</strong></span> <span class='ocrx_word' id='word_1_81' title='bbox 449 1139 568 1174; x_wconf 87' lang='lat' dir='ltr'><strong>Scotia</strong></span> <span class='ocrx_word' id='word_1_82' title='bbox 585 1140 630 1174; x_wconf 88' lang='lat' dir='ltr'><strong>ad</strong></span> <span class='ocrx_word' id='word_1_83' title='bbox 647 1138 954 1173; x_wconf 84' lang='lat' dir='ltr'><strong>Amarbaricensis</strong></span> <span class='ocrx_word' id='word_1_84' title='bbox 972 1138 1118 1172; x_wconf 86' lang='lat' dir='ltr'><strong>claustri</strong></span> <span class='ocrx_word' id='word_1_85' title='bbox 1136 1148 1259 1171; x_wconf 87' lang='lat' dir='ltr'><strong>curam</strong></span> <span class='ocrx_word' id='word_1_86' title='bbox 1277 1141 1432 1176; x_wconf 86' lang='lat' dir='ltr'><strong>vocatos,</strong></span> <span class='ocrx_word' id='word_1_87' title='bbox 1450 1136 1533 1170; x_wconf 89' lang='lat' dir='ltr'><strong>inde</strong></span> <span class='ocrx_word' id='word_1_88' title='bbox 1550 1135 1595 1169; x_wconf 89' lang='lat' dir='ltr'><strong>ad</strong></span> <span class='ocrx_word' id='word_1_89' title='bbox 1616 1135 1709 1180; x_wconf 89' lang='lat' dir='ltr'><strong>regi-</strong></span> 
     </span>
     <span class='ocr_line' id='line_1_12' title="bbox 318 1192 1709 1241; baseline -0.004 -10"><span class='ocrx_word' id='word_1_90' title='bbox 318 1208 399 1231; x_wconf 89' lang='lat' dir='ltr'><strong>men</strong></span> <span class='ocrx_word' id='word_1_91' title='bbox 417 1197 612 1241; x_wconf 84' lang='lat' dir='ltr'><strong>episcopale</strong></span> <span class='ocrx_word' id='word_1_92' title='bbox 631 1197 816 1231; x_wconf 85' lang='lat' dir='ltr'><strong>admotus:</strong></span> <span class='ocrx_word' id='word_1_93' title='bbox 843 1194 1066 1229; x_wconf 80' lang='lat' dir='ltr'><strong>fortitudinis</strong></span> <span class='ocrx_word' id='word_1_94' title='bbox 1086 1195 1204 1235; x_wconf 86' lang='lat' dir='ltr'><strong>simul,</strong></span> <span class='ocrx_word' id='word_1_95' title='bbox 1224 1198 1260 1228; x_wconf 85' lang='lat' dir='ltr'><strong>et</strong></span> <span class='ocrx_word' id='word_1_96' title='bbox 1277 1194 1421 1239; x_wconf 88' lang='lat' dir='ltr'><strong>pietatis</strong></span> <span class='ocrx_word' id='word_1_97' title='bbox 1438 1192 1595 1228; x_wconf 88' lang='lat' dir='ltr'><strong>Scoticae</strong></span> <span class='ocrx_word' id='word_1_98' title='bbox 1613 1192 1651 1226; x_wconf 88' lang='lat' dir='ltr'><strong>in</strong></span> <span class='ocrx_word' id='word_1_99' title='bbox 1669 1203 1709 1225; x_wconf 89' lang='lat' dir='ltr'><strong>ea</strong></span> 
     </span>
     <span class='ocr_line' id='line_1_13' title="bbox 318 1250 1582 1300; baseline -0.002 -13"><span class='ocrx_word' id='word_1_100' title='bbox 318 1259 424 1300; x_wconf 86' lang='lat' dir='ltr'><strong>gente</strong></span> <span class='ocrx_word' id='word_1_101' title='bbox 442 1254 612 1298; x_wconf 83' lang='lat' dir='ltr'><strong>trophaea</strong></span> <span class='ocrx_word' id='word_1_102' title='bbox 629 1259 759 1294; x_wconf 84' lang='lat' dir='ltr'><strong>extare,</strong></span> <span class='ocrx_word' id='word_1_103' title='bbox 778 1264 822 1287; x_wconf 86' lang='lat' dir='ltr'><strong>ex</strong></span> <span class='ocrx_word' id='word_1_104' title='bbox 840 1252 1017 1286; x_wconf 86' lang='lat' dir='ltr'><strong>Bruschio</strong></span> <span class='ocrx_word' id='word_1_105' title='bbox 1034 1257 1069 1286; x_wconf 92' lang='lat' dir='ltr'><strong>et</strong></span> <span class='ocrx_word' id='word_1_106' title='bbox 1087 1252 1178 1286; x_wconf 89' lang='lat' dir='ltr'><strong>aliis.</strong></span> <span class='ocrx_word' id='word_1_107' title='bbox 1231 1251 1372 1296; x_wconf 77' lang='lat' dir='ltr'><strong>Scripta</strong></span> <span class='ocrx_word' id='word_1_108' title='bbox 1389 1250 1582 1295; x_wconf 86' lang='lat' dir='ltr'><strong>perierunt.</strong></span> 
     </span>
    </p>

    <p class='ocr_par' dir='ltr' id='par_1_7' title="bbox 319 1306 1705 1411">
     <span class='ocr_line' id='line_1_14' title="bbox 368 1306 1705 1351; baseline -0.004 -6"><span class='ocrx_word' id='word_1_109' title='bbox 368 1311 518 1345; x_wconf 85' lang='lat' dir='ltr'><strong>Sedebat</strong></span> <span class='ocrx_word' id='word_1_110' title='bbox 547 1310 686 1345; x_wconf 91' lang='lat' dir='ltr'><strong>Verdae</strong></span> <span class='ocrx_word' id='word_1_111' title='bbox 716 1310 878 1345; x_wconf 84' lang='lat' dir='ltr'><strong>Caesaris</strong></span> <span class='ocrx_word' id='word_1_112' title='bbox 908 1321 1001 1343; x_wconf 89' lang='lat' dir='ltr'><strong>anno</strong></span> <span class='ocrx_word' id='word_1_113' title='bbox 1029 1318 1202 1343; x_wconf 82' lang='lat' dir='ltr'><strong>Decccx.</strong></span> <span class='ocrx_word' id='word_1_114' title='bbox 1257 1307 1398 1343; x_wconf 85' lang='lat' dir='ltr'><strong>Colitur</strong></span> <span class='ocrx_word' id='word_1_115' title='bbox 1425 1316 1561 1341; x_wconf 85' lang='grc' dir='ltr'><strong>ΧΧΙΙΧ.</strong></span> <span class='ocrx_word' id='word_1_116' title='bbox 1589 1306 1705 1351; x_wconf 92' lang='lat' dir='ltr'><strong>April.</strong></span> 
     </span>
     <span class='ocr_line' id='line_1_15' title="bbox 319 1366 1291 1411; baseline -0.003 -9"><span class='ocrx_word' id='word_1_117' title='bbox 319 1368 412 1402; x_wconf 88' lang='lat' dir='ltr'><strong>Acta</strong></span> <span class='ocrx_word' id='word_1_118' title='bbox 429 1368 591 1402; x_wconf 87' lang='lat' dir='ltr'><strong>ecclesiae</strong></span> <span class='ocrx_word' id='word_1_119' title='bbox 608 1368 772 1401; x_wconf 82' lang='lat' dir='ltr'><strong>laudatae</strong></span> <span class='ocrx_word' id='word_1_120' title='bbox 791 1367 885 1411; x_wconf 89' lang='lat' dir='ltr'><strong>apud</strong></span> <span class='ocrx_word' id='word_1_121' title='bbox 904 1366 1119 1401; x_wconf 85' lang='lat' dir='ltr'><strong>Krantzium</strong></span> <span class='ocrx_word' id='word_1_122' title='bbox 1139 1370 1174 1400; x_wconf 90' lang='lat' dir='ltr'><strong>et</strong></span> <span class='ocrx_word' id='word_1_123' title='bbox 1191 1366 1291 1400; x_wconf 86' lang='lat' dir='ltr'><strong>alios.</strong></span> 
     </span>
    </p>
   </div>
   <div class='ocr_carea' id='block_1_6' title="bbox 792 1479 1229 1517">
    <p class='ocr_par' dir='ltr' id='par_1_8' title="bbox 792 1479 1229 1517">
     <span class='ocr_line' id='line_1_16' title="bbox 792 1479 1229 1517; baseline 0 -3"><span class='ocrx_word' id='word_1_124' title='bbox 792 1480 827 1514; x_wconf 89' lang='lat' dir='ltr'><strong>S.</strong></span> <span class='ocrx_word' id='word_1_125' title='bbox 856 1479 1093 1514; x_wconf 90' lang='lat' dir='ltr'><strong>KEVINUS.</strong></span> <span class='ocrx_word' id='word_1_126' title='bbox 1147 1482 1170 1517; x_wconf 91' lang='grc'><strong>7</strong></span> <span class='ocrx_word' id='word_1_127' title='bbox 1173 1482 1229 1517; x_wconf 77' lang='grc'><strong>72.</strong></span> 
     </span>
    </p>
   </div>
   <div class='ocr_carea' id='block_1_7' title="bbox 319 1594 1708 2029">
    <p class='ocr_par' dir='ltr' id='par_1_9' title="bbox 319 1594 1708 1916">
     <span class='ocr_line' id='line_1_17' title="bbox 319 1594 1708 1639; baseline -0.001 -9"><span class='ocrx_word' id='word_1_128' title='bbox 319 1597 354 1630; x_wconf 91' lang='lat' dir='ltr'><strong>S.</strong></span> <span class='ocrx_word' id='word_1_129' title='bbox 375 1596 575 1636; x_wconf 78' lang='lat' dir='ltr'>KEVINUS‚</span> <span class='ocrx_word' id='word_1_130' title='bbox 595 1596 702 1630; x_wconf 90' lang='lat' dir='ltr'><strong>abbas</strong></span> <span class='ocrx_word' id='word_1_131' title='bbox 722 1596 759 1629; x_wconf 92' lang='lat' dir='ltr'><strong>in</strong></span> <span class='ocrx_word' id='word_1_132' title='bbox 778 1595 928 1629; x_wconf 88' lang='lat' dir='ltr'><strong>Levinia</strong></span> <span class='ocrx_word' id='word_1_133' title='bbox 942 1606 1050 1639; x_wconf 91' lang='lat' dir='ltr'><strong>prope</strong></span> <span class='ocrx_word' id='word_1_134' title='bbox 1064 1594 1239 1635; x_wconf 65' lang='lat' dir='ltr'><strong>Mentem,</strong></span> <span class='ocrx_word' id='word_1_135' title='bbox 1259 1600 1366 1629; x_wconf 89' lang='lat' dir='ltr'><strong>natus</strong></span> <span class='ocrx_word' id='word_1_136' title='bbox 1384 1595 1422 1628; x_wconf 90' lang='lat' dir='ltr'><strong>in</strong></span> <span class='ocrx_word' id='word_1_137' title='bbox 1440 1595 1557 1629; x_wconf 85' lang='lat' dir='ltr'><strong>insula</strong></span> <span class='ocrx_word' id='word_1_138' title='bbox 1575 1595 1708 1629; x_wconf 87' lang='lat' dir='ltr'><strong>Rothe-</strong></span> 
     </span>
     <span class='ocr_line' id='line_1_18' title="bbox 320 1652 1706 1699; baseline -0.002 -11"><span class='ocrx_word' id='word_1_139' title='bbox 320 1665 395 1699; x_wconf 83' lang='lat' dir='ltr'><strong>say,</strong></span> <span class='ocrx_word' id='word_1_140' title='bbox 428 1665 518 1698; x_wconf 87' lang='lat' dir='ltr'><strong>quae</strong></span> <span class='ocrx_word' id='word_1_141' title='bbox 548 1659 671 1698; x_wconf 88' lang='lat' dir='ltr'><strong>postea</strong></span> <span class='ocrx_word' id='word_1_142' title='bbox 700 1653 819 1693; x_wconf 86' lang='lat' dir='ltr'><strong>Buta;</strong></span> <span class='ocrx_word' id='word_1_143' title='bbox 855 1657 890 1686; x_wconf 88' lang='lat' dir='ltr'><strong>et</strong></span> <span class='ocrx_word' id='word_1_144' title='bbox 924 1663 1007 1686; x_wconf 83' lang='lat' dir='ltr'><strong>sane</strong></span> <span class='ocrx_word' id='word_1_145' title='bbox 1043 1652 1082 1685; x_wconf 90' lang='lat' dir='ltr'><strong>in</strong></span> <span class='ocrx_word' id='word_1_146' title='bbox 1122 1652 1254 1686; x_wconf 83' lang='lat' dir='ltr'><strong>ducatu</strong></span> <span class='ocrx_word' id='word_1_147' title='bbox 1289 1652 1406 1686; x_wconf 89' lang='lat' dir='ltr'><strong>Rosae</strong></span> <span class='ocrx_word' id='word_1_148' title='bbox 1442 1653 1527 1685; x_wconf 91' lang='lat' dir='ltr'><strong>cella</strong></span> <span class='ocrx_word' id='word_1_149' title='bbox 1568 1653 1706 1692; x_wconf 84' lang='lat' dir='ltr'><strong>visitur,</strong></span> 
     </span>
     <span class='ocr_line' id='line_1_19' title="bbox 320 1709 1707 1757; baseline -0.002 -11"><span class='ocrx_word' id='word_1_150' title='bbox 320 1713 428 1757; x_wconf 91' lang='lat' dir='ltr'><strong>vulgo</strong></span> <span class='ocrx_word' id='word_1_151' title='bbox 446 1709 625 1745; x_wconf 81' lang='lat' dir='ltr'><strong>Killceuin</strong></span> <span class='ocrx_word' id='word_1_152' title='bbox 637 1724 648 1744; x_wconf 87' lang='lat'><strong>.·</strong></span> <span class='ocrx_word' id='word_1_153' title='bbox 680 1713 802 1755; x_wconf 86' lang='lat' dir='ltr'><strong>postea</strong></span> <span class='ocrx_word' id='word_1_154' title='bbox 818 1716 937 1744; x_wconf 88' lang='lat' dir='ltr'><strong>tamen</strong></span> <span class='ocrx_word' id='word_1_155' title='bbox 955 1721 1076 1743; x_wconf 86' lang='lat' dir='ltr'><strong>euram</strong></span> <span class='ocrx_word' id='word_1_156' title='bbox 1094 1710 1211 1744; x_wconf 89' lang='lat' dir='ltr'><strong>nescio</strong></span> <span class='ocrx_word' id='word_1_157' title='bbox 1228 1710 1330 1756; x_wconf 89' lang='lat' dir='ltr'><strong>cujus</strong></span> <span class='ocrx_word' id='word_1_158' title='bbox 1356 1710 1561 1744; x_wconf 87' lang='lat' dir='ltr'><strong>monasterii</strong></span> <span class='ocrx_word' id='word_1_159' title='bbox 1587 1711 1707 1756; x_wconf 83' lang='lat' dir='ltr'><strong>gessit,</strong></span> 
     </span>
     <span class='ocr_line' id='line_1_20' title="bbox 320 1767 1707 1813; baseline -0.001 -11"><span class='ocrx_word' id='word_1_160' title='bbox 320 1768 526 1803; x_wconf 89' lang='lat' dir='ltr'><strong>Alexandro</strong></span> <span class='ocrx_word' id='word_1_161' title='bbox 547 1768 651 1802; x_wconf 84' lang='lat' dir='ltr'><strong>Mino</strong></span> <span class='ocrx_word' id='word_1_162' title='bbox 670 1775 822 1802; x_wconf 86' lang='lat' dir='ltr'><strong>auctore.</strong></span> <span class='ocrx_word' id='word_1_163' title='bbox 859 1767 970 1801; x_wconf 92' lang='lat' dir='ltr'><strong>Putat</strong></span> <span class='ocrx_word' id='word_1_164' title='bbox 988 1778 1060 1801; x_wconf 91' lang='lat' dir='ltr'><strong>non</strong></span> <span class='ocrx_word' id='word_1_165' title='bbox 1077 1778 1180 1801; x_wconf 89' lang='lat' dir='ltr'><strong>nemo</strong></span> <span class='ocrx_word' id='word_1_166' title='bbox 1199 1768 1350 1801; x_wconf 90' lang='lat' dir='ltr'><strong>eundem</strong></span> <span class='ocrx_word' id='word_1_167' title='bbox 1363 1778 1438 1801; x_wconf 90' lang='lat' dir='ltr'><strong>esse</strong></span> <span class='ocrx_word' id='word_1_168' title='bbox 1452 1778 1532 1801; x_wconf 87' lang='lat' dir='ltr'><strong>cum</strong></span> <span class='ocrx_word' id='word_1_169' title='bbox 1548 1767 1707 1813; x_wconf 90' lang='lat' dir='ltr'><strong>Koeng0‚</strong></span> 
     </span>
     <span class='ocr_line' id='line_1_21' title="bbox 320 1824 1706 1871; baseline -0.001 -12"><span class='ocrx_word' id='word_1_170' title='bbox 320 1826 363 1859; x_wconf 88' lang='lat' dir='ltr'><strong>de</strong></span> <span class='ocrx_word' id='word_1_171' title='bbox 381 1837 451 1870; x_wconf 89' lang='lat' dir='ltr'><strong>quo</strong></span> <span class='ocrx_word' id='word_1_172' title='bbox 470 1824 637 1859; x_wconf 87' lang='lat' dir='ltr'><strong>Giraldus</strong></span> <span class='ocrx_word' id='word_1_173' title='bbox 652 1824 878 1859; x_wconf 86' lang='lat' dir='ltr'><strong>Cambrensis</strong></span> <span class='ocrx_word' id='word_1_174' title='bbox 896 1824 934 1857; x_wconf 93' lang='lat' dir='ltr'><strong>in</strong></span> <span class='ocrx_word' id='word_1_175' title='bbox 952 1824 1207 1871; x_wconf 84' lang='lat' dir='ltr'><strong>Topographia</strong></span> <span class='ocrx_word' id='word_1_176' title='bbox 1221 1824 1427 1859; x_wconf 89' lang='lat' dir='ltr'><strong>Hiberniae.</strong></span> <span class='ocrx_word' id='word_1_177' title='bbox 1480 1825 1620 1869; x_wconf 88' lang='lat' dir='ltr'><strong>Scripta</strong></span> <span class='ocrx_word' id='word_1_178' title='bbox 1636 1836 1706 1858; x_wconf 88' lang='lat' dir='ltr'><strong>non</strong></span> 
     </span>
     <span class='ocr_line' id='line_1_22' title="bbox 320 1875 1284 1916; baseline 0 0"><span class='ocrx_word' id='word_1_179' title='bbox 320 1887 454 1916; x_wconf 86' lang='lat' dir='ltr'><strong>extant.</strong></span> <span class='ocrx_word' id='word_1_180' title='bbox 1282 1875 1284 1877; x_wconf 38' lang='lat'>¹</span> 
     </span>
    </p>

    <p class='ocr_par' dir='ltr' id='par_1_10' title="bbox 321 1937 1708 2029">
     <span class='ocr_line' id='line_1_23' title="bbox 370 1937 1708 1972; baseline -0.001 0"><span class='ocrx_word' id='word_1_181' title='bbox 370 1938 472 1972; x_wconf 86' lang='lat' dir='ltr'><strong>Vixit</strong></span> <span class='ocrx_word' id='word_1_182' title='bbox 490 1950 582 1972; x_wconf 87' lang='lat' dir='ltr'><strong>anno</strong></span> <span class='ocrx_word' id='word_1_183' title='bbox 602 1947 778 1972; x_wconf 82' lang='lat' dir='ltr'><strong>Dccevu.</strong></span> <span class='ocrx_word' id='word_1_184' title='bbox 815 1937 955 1972; x_wconf 88' lang='lat' dir='ltr'><strong>Colitur</strong></span> <span class='ocrx_word' id='word_1_185' title='bbox 971 1948 1029 1972; x_wconf 90' lang='lat'><strong>111.</strong></span> <span class='ocrx_word' id='word_1_186' title='bbox 1049 1938 1072 1971; x_wconf 90' lang='lat' dir='ltr'><strong>J</strong></span> <span class='ocrx_word' id='word_1_187' title='bbox 1076 1939 1161 1972; x_wconf 87' lang='lat' dir='ltr'><strong>unii.</strong></span> <span class='ocrx_word' id='word_1_188' title='bbox 1182 1949 1226 1972; x_wconf 86' lang='lat' dir='ltr'><strong>ex</strong></span> <span class='ocrx_word' id='word_1_189' title='bbox 1239 1939 1409 1972; x_wconf 86' lang='lat' dir='ltr'><strong>nundinis</strong></span> <span class='ocrx_word' id='word_1_190' title='bbox 1423 1948 1596 1972; x_wconf 83' lang='lat' dir='ltr'><strong>concursu</strong></span> <span class='ocrx_word' id='word_1_191' title='bbox 1610 1949 1708 1972; x_wconf 84' lang='lat' dir='ltr'><strong>max-</strong></span> 
     </span>
     <span class='ocr_line' id='line_1_24' title="bbox 321 1995 762 2029; baseline 0 -1"><span class='ocrx_word' id='word_1_192' title='bbox 321 1996 392 2028; x_wconf 90' lang='lat' dir='ltr'><strong>imo</strong></span> <span class='ocrx_word' id='word_1_193' title='bbox 411 1995 594 2029; x_wconf 88' lang='lat' dir='ltr'><strong>celebratis</strong></span> <span class='ocrx_word' id='word_1_194' title='bbox 613 2000 762 2029; x_wconf 85' lang='lat' dir='ltr'><strong>constat.</strong></span> 
     </span>
    </p>
   </div>
   <div class='ocr_carea' id='block_1_8' title="bbox 791 2109 1238 2146">
    <p class='ocr_par' dir='ltr' id='par_1_11' title="bbox 791 2109 1238 2146">
     <span class='ocr_line' id='line_1_25' title="bbox 791 2109 1238 2146; baseline -0.002 -3"><span class='ocrx_word' id='word_1_195' title='bbox 791 2110 826 2143; x_wconf 91' lang='lat' dir='ltr'><strong>S.</strong></span> <span class='ocrx_word' id='word_1_196' title='bbox 855 2109 1101 2143; x_wconf 87' lang='lat' dir='ltr'><strong>KENOCUS.</strong></span> <span class='ocrx_word' id='word_1_197' title='bbox 1156 2111 1238 2146; x_wconf 82' lang='grc'><strong>773.</strong></span> 
     </span>
    </p>
   </div>
   <div class='ocr_carea' id='block_1_9' title="bbox 317 2223 1707 2383">
    <p class='ocr_par' dir='ltr' id='par_1_12' title="bbox 317 2223 1707 2383">
     <span class='ocr_line' id='line_1_26' title="bbox 320 2223 1706 2264; baseline 0.001 -7"><span class='ocrx_word' id='word_1_198' title='bbox 320 2224 354 2257; x_wconf 89' lang='lat' dir='ltr'><strong>S.</strong></span> <span class='ocrx_word' id='word_1_199' title='bbox 397 2224 636 2262; x_wconf 66' lang='lat' dir='ltr'><strong>Knxocmts,</strong></span> <span class='ocrx_word' id='word_1_200' title='bbox 678 2224 784 2257; x_wconf 82' lang='lat' dir='ltr'><strong>abbas</strong></span> <span class='ocrx_word' id='word_1_201' title='bbox 827 2224 1001 2264; x_wconf 86' lang='lat' dir='ltr'><strong>Jedwodi,</strong></span> <span class='ocrx_word' id='word_1_202' title='bbox 1044 2224 1178 2258; x_wconf 84' lang='lat' dir='ltr'><strong>ordinis</strong></span> <span class='ocrx_word' id='word_1_203' title='bbox 1220 2223 1471 2259; x_wconf 87' lang='lat' dir='ltr'><strong>Lateranensis</strong></span> <span class='ocrx_word' id='word_1_204' title='bbox 1514 2224 1706 2259; x_wconf 88' lang='lat' dir='ltr'><strong>Canonico-</strong></span> 
     </span>
     <span class='ocr_line' id='line_1_27' title="bbox 317 2280 1707 2326; baseline 0.001 -12"><span class='ocrx_word' id='word_1_205' title='bbox 317 2292 397 2314; x_wconf 87' lang='lat' dir='ltr'><strong>rum</strong></span> <span class='ocrx_word' id='word_1_206' title='bbox 427 2281 462 2314; x_wconf 88' lang='lat' dir='ltr'><strong>S.</strong></span> <span class='ocrx_word' id='word_1_207' title='bbox 490 2280 699 2326; x_wconf 87' lang='lat' dir='ltr'><strong>Augustini,</strong></span> <span class='ocrx_word' id='word_1_208' title='bbox 732 2283 793 2325; x_wconf 88' lang='lat' dir='ltr'><strong>qui</strong></span> <span class='ocrx_word' id='word_1_209' title='bbox 824 2282 942 2314; x_wconf 87' lang='lat' dir='ltr'><strong>decem</strong></span> <span class='ocrx_word' id='word_1_210' title='bbox 974 2282 1075 2316; x_wconf 80' lang='lat' dir='ltr'><strong>annis</strong></span> <span class='ocrx_word' id='word_1_211' title='bbox 1102 2282 1187 2316; x_wconf 90' lang='lat' dir='ltr'><strong>totis</strong></span> <span class='ocrx_word' id='word_1_212' title='bbox 1214 2286 1390 2316; x_wconf 87' lang='lat' dir='ltr'><strong>tumentes</strong></span> <span class='ocrx_word' id='word_1_213' title='bbox 1417 2281 1603 2316; x_wconf 89' lang='lat' dir='ltr'><strong>Scotorum</strong></span> <span class='ocrx_word' id='word_1_214' title='bbox 1630 2282 1707 2316; x_wconf 91' lang='lat' dir='ltr'><strong>An-</strong></span> 
     </span>
     <span class='ocr_line' id='line_1_28' title="bbox 318 2338 1706 2383; baseline 0.002 -12"><span class='ocrx_word' id='word_1_215' title='bbox 318 2339 527 2382; x_wconf 87' lang='lat' dir='ltr'><strong>glorumque</strong></span> <span class='ocrx_word' id='word_1_216' title='bbox 562 2349 687 2383; x_wconf 89' lang='lat' dir='ltr'><strong>regum</strong></span> <span class='ocrx_word' id='word_1_217' title='bbox 722 2339 870 2377; x_wconf 85' lang='lat' dir='ltr'><strong>animos,</strong></span> <span class='ocrx_word' id='word_1_218' title='bbox 914 2338 951 2370; x_wconf 87' lang='lat' dir='ltr'><strong>in</strong></span> <span class='ocrx_word' id='word_1_219' title='bbox 994 2338 1123 2373; x_wconf 89' lang='lat' dir='ltr'><strong>bellum</strong></span> <span class='ocrx_word' id='word_1_220' title='bbox 1166 2350 1308 2383; x_wconf 85' lang='lat' dir='ltr'><strong>pronos,</strong></span> <span class='ocrx_word' id='word_1_221' title='bbox 1352 2339 1513 2383; x_wconf 88' lang='lat' dir='ltr'><strong>precibus</strong></span> <span class='ocrx_word' id='word_1_222' title='bbox 1556 2340 1706 2374; x_wconf 87' lang='lat' dir='ltr'><strong>assiduis</strong></span> 
     </span>
    </p>
   </div>
  </div>
 </body>
</html>
