2060 2848
379 301 444 332 604
759 299 992 333 HISTORIA
1017 298 1390 333 ECCLESIASTICA

383 401 459 429 ctor
477 395 724 435 Bononiensis,
742 393 928 440 episcopus
946 394 1054 429 etiam
1072 394 1272 441 Bangorae,
1290 394 1432 439 scripsit

528 452 663 487 Contra
680 452 876 487 Wiclefitas
925 452 987 487 lib.
1008 461 1033 486 1.
1183 451 1403 486 Concionum
1421 462 1567 487 suarum
1617 452 1678 486 lib.
1699 462 1725 487 1.

433 510 576 544 Floruit
587 521 680 545 anno
696 519 908 545 Mcccxcn.
946 509 1060 544 Gente
1073 520 1158 544 vero
1172 508 1317 544 Scotum
1329 508 1452 551 fuisse,
1466 514 1590 545 contra
1602 508 1774 544 Balaeum

384 568 476 602 idem
495 568 554 601 ille
571 568 796 602 doctissimus
814 568 872 601 vir
887 567 1024 612 probat.

720 680 1048 716 ALEXANDER
1072 680 1273 715 SCOTUS.
1328 682 1436 719 1089.

383 797 656 832 ALEXANDER
667 796 793 830 Scotus
806 794 1082 835 Aberdonensis‚
1096 795 1219 841 magni
1230 794 1398 835 nominis,
1410 796 1471 829 sed
1485 796 1632 842 majoris
1646 798 1777 838 meriti,

384 855 571 899 utriusque
588 854 732 900 liuguae
748 853 896 898 peritus,
910 852 1005 898 juris
1022 852 1138 886 civilis
1163 852 1313 886 scientia
1337 852 1376 886 in
1400 853 1523 897 paucis
1540 854 1668 895 clarus,
1695 854 1780 889 Car-

385 911 665 957 pentoractensis
682 910 881 956 praefectus
895 910 973 957 juri
996 910 1155 951 dicendo,
1181 909 1308 955 quoin
1333 920 1481 944 munere
1505 921 1579 946 non
1604 911 1779 947 minorem

386 969 604 1015 integritatis
622 980 730 1013 quam
748 968 959 1003 eruditionis
976 967 1110 1002 famam
1128 967 1331 1013 acquisivit.
1384 966 1535 1013 Scripsit

534 1026 815 1061 Grammaticam
829 1025 1013 1066 Graecam,
1031 1029 1113 1070 post
1129 1025 1291 1060 omnium
1310 1029 1472 1060 veterum
1486 1036 1526 1060 ac
1543 1027 1781 1061 recentiorum

584 1084 779 1118 laboriosas
796 1084 969 1118 editiones
987 1083 1170 1128 optimam,
1474 1083 1536 1117 lib.
1556 1092 1581 1117 1.

537 1141 765 1186 Apparatum
790 1142 829 1175 in
855 1141 976 1175 omnia
1001 1140 1054 1174 M.
1077 1139 1123 1173 Τ.
1142 1138 1324 1175 Ciceronis
1342 1139 1471 1185 Opera,
1489 1145 1570 1185 post
1596 1141 1781 1176 Nizolium

585 1199 861 1239 exactissimum,
1476 1198 1536 1232 lib.
1557 1207 1583 1232 1.

537 1257 561 1290 J
563 1256 661 1291 acobi
679 1256 817 1301 Cujacii
835 1255 870 1289 J.
890 1255 931 1290 C.
950 1255 1069 1300 Opera
1092 1255 1213 1289 omnia
1234 1254 1273 1288 in
1290 1258 1375 1289 tom.
1395 1262 1451 1289 IV.
1477 1255 1654 1296 distinxit,
1681 1267 1721 1290 ac
1747 1256 1783 1291 S.

587 1313 633 1347 D.
652 1313 698 1348 N.
718 1313 831 1347 Paulo
849 1313 894 1348 V.
913 1313 1078 1348 Pontifici
1097 1312 1149 1347 M.
1166 1312 1338 1358 inscripta
1355 1312 1476 1347 edidit.
1635 1310 1638 1311 ⁷

537 1371 592 1406 De
609 1371 734 1405 Officio
750 1370 774 1404 J
777 1371 889 1405 udicis
1478 1370 1539 1405 lib.
1559 1379 1584 1404 ῐ.

539 1430 584 1464 In
598 1429 711 1463 Titul.
726 1429 769 1462 de
783 1428 806 1462 J
809 1428 936 1463 udiciis
949 1427 1267 1468 Commentarium,
1285 1427 1331 1462 ad
1347 1438 1452 1462 usum
1470 1427 1658 1469 forensem,
1676 1429 1736 1464 lib.
1758 1439 1782 1464 1.

442 1487 544 1522 Obiit
561 1487 830 1531 Carpentoracti
848 1497 942 1521 anno
964 1494 1126 1521 Mncxv.
1152 1489 1188 1519 et
1213 1485 1251 1519 in
1277 1485 1364 1519 satis
1390 1486 1488 1520 tenui
1515 1495 1574 1520 re:
1601 1486 1634 1520 O
1652 1488 1784 1521 crimen

393 1547 616 1580 fortunatum
633 1544 639 1577 !
691 1543 837 1588 Semper
854 1544 982 1579 Musae
1000 1556 1173 1590 pauperes
1186 1545 1203 1579 ἶ)

726 1658 999 1693 PATRICIUS
1025 1659 1286 1695 SIMSONUS.
1340 1661 1446 1698 1090.

396 1776 620 1809 PATRICIUS
637 1773 834 1814 Simsonus,
861 1774 918 1808 vir
943 1774 1116 1815 eruditus,
1140 1779 1176 1809 et
1202 1775 1287 1809 clari
1313 1776 1408 1820 apud
1434 1776 1591 1810 eruditos
1617 1777 1783 1817 nominis,

395 1833 536 1878 scripsit
589 1832 771 1866 Historiae
805 1831 1074 1866 Ecclesiasticae
1107 1837 1246 1877 partem
1278 1842 1302 1867 1.
1343 1834 1541 1868 vernacule.
1604 1833 1786 1869 Historiae

396 1890 663 1925 Ecclesiasticae
680 1894 818 1934 partem
838 1898 882 1923 11.
933 1888 1003 1923 Sed
1021 1900 1066 1923 an
1083 1890 1267 1934 prodierit,
1285 1890 1414 1925 nescio.

444 1948 545 1983 Obiit
561 1947 724 1993 Stirlingi
744 1958 837 1981 anno
856 1955 1005 1981 MDCXI.

689 2061 988 2097 GULIELMUS
1014 2062 1306 2098 STRUTHER.
1360 2066 1466 2103 1091.

692 2177 964 2212 PATRICIUS
990 2177 1270 2213 SANDAEUS.
1322 2181 1429 2218 1092.

691 2292 916 2328 JACOBUS
941 2293 1335 2330 SANDILANDIUS.
1389 2297 1495 2333 1093.
