2060 2848
400 338 465 370 560
785 338 1019 373 HISTORIA
1042 338 1417 374 ECCLESIASTICA

545 433 688 468 'Contra
708 433 897 469 Ministros
1271 441 1274 443 ’
1293 434 1354 470 lib.
1374 443 1401 469 1.

551 490 607 525 De
625 490 855 526 Invocatione
872 491 1084 527 Sanctorum
1293 492 1355 527 lib.
1375 501 1401 527 1.

550 547 605 582 De
623 547 861 584 Sacramentis
1295 550 1356 585 lib.
1376 558 1401 584 Ι.

455 605 586 641 Passus
604 610 658 641 est
675 617 768 642 anno
787 615 969 642 MDLxlv.

778 720 1055 756 RUTGERUS
1079 719 1260 755 ABBAS.
1313 721 1421 757 1046.

403 837 639 876 Rummms,
658 836 703 870 ab
726 835 805 870 aliis
829 835 1026 875 Donaldus,
1053 834 1183 869 Scotici
1206 834 1245 869 in
1262 835 1433 871 suburbio
1451 835 1704 883 Herbipolensi
1722 851 1797 875 mo-

401 894 550 929 nasterii
566 894 673 928 abbas
692 893 759 928 sub
776 892 800 926 J
802 904 915 927 oanne
933 893 976 927 de
994 892 1208 939 Egloffstem
1226 892 1400 938 episcopo,
1420 894 1564 939 scripsit

549 951 606 986 De
639 951 801 997 legitimo
831 950 1010 986 Consessu
1039 950 1189 985 Concilii
1220 949 1504 987 constantiensis
1539 952 1601 988 lib.
1633 961 1661 987 1.
1698 955 1795 999 quod

602 1009 754 1054 septimo
771 1008 885 1054 ipsius
902 1019 996 1043 anno
1013 1007 1160 1042 initium
1178 1008 1345 1053 sumpsit.

549 1065 645 1101 Acta
661 1066 819 1112 ejusdem
838 1065 988 1100 Concilii
1534 1067 1596 1102 lib.
1615 1077 1642 1102 1.

452 1124 551 1159 Sedit
575 1123 683 1158 abbas
707 1132 796 1157 XXI.
823 1123 927 1158 annis
952 1131 1010 1157 XI.
1053 1122 1156 1158 Obiit
1181 1134 1276 1158 anno
1301 1131 1542 1159 Mccccxvn.
1596 1125 1797 1161 chronicon

402 1182 487 1217 dicti
504 1181 723 1216 monasterii.

806 1295 1026 1330 RORICUS
1050 1294 1231 1331 ABBAS.
1277 1297 1392 1334 1047.

402 1413 594 1453 Romcus,
613 1412 771 1458 ejusdem
789 1410 1044 1446 coenobiarcha
1063 1420 1187 1446 xxm.
1207 1410 1274 1445 sub
1291 1409 1435 1446 Joanne
1451 1412 1484 1446 le
1501 1411 1606 1447 Brun
1624 1413 1797 1460 episcopo,

400 1471 613 1505 monachum
639 1469 862 1516 Argentinae
891 1469 1009 1503 induit
1035 1469 1074 1503 in
1100 1469 1289 1504 Scotorum
1314 1469 1555 1511 monasteri03
1587 1471 1669 1515 pius
1697 1483 1797 1518 egre-

401 1529 462 1574 gia
478 1528 689 1563 eruditionis
707 1527 873 1572 opinione
899 1527 1021 1562 literas
1047 1526 1276 1562 humaniores
1301 1525 1471 1561 Lutetiae
1496 1526 1676 1572 professus
1701 1529 1796 1573 (acta

401 1586 560 1631 ejusdem
586 1585 800 1631 academiae)
830 1583 1053 1631 Argentinae
1081 1588 1247 1619 evocatus
1273 1583 1434 1630 regimen
1460 1585 1626 1629 suscepit.
1679 1585 1796 1632 Scrip-

400 1643 447 1677 sit

548 1699 717 1734 Carmina
735 1700 843 1734 Sacra
1236 1698 1298 1733 lib.
1319 1706 1345 1733 1.
1396 1697 1541 1734 Laudat
1566 1698 1714 1738 Winzet
1735 1701 1795 1736 ab·

598 1758 660 1792 bas
679 1757 865 1792 Scotorum
883 1757 1113 1792 Ratisbonae.

451 1815 550 1850 Sedit
579 1815 682 1850 annis
709 1823 750 1850 x.
803 1815 914 1852 Obiit*
930 1826 1024 1850 anno
1051 1821 1323 1850 MCCCCXLVH.
1375 1813 1579 1849 Chronicon
1605 1814 1691 1850 dicti
1722 1826 1796 1850 mo-

398 1874 556 1909 nasterii.

704 1987 1004 2023 GULIELMUS
1030 1961 1318 2022 RADYNGES.
1372 1988 1480 2022 1048.

402 2106 652 2140 GULIELMUS
670 2105 876 2152 Radynges,
894 2103 1087 2139 Carmelita
1105 2102 1243 2144 Scotus,
1265 2107 1307 2138 ut
1324 2104 1403 2137 vult
1421 2102 1467 2137 R.
1487 2102 1529 2137 P.
1549 2103 1679 2138 Petrus
1698 2103 1793 2138 Tho-

401 2174 478 2198 mas
496 2163 702 2204 Saracenus,
720 2163 848 2198 Sacrae
865 2161 1083 2208 Theologiae
1096 2160 1242 2203 Doctor,
1256 2161 1295 2196 in
1308 2160 1495 2196 Chronicis
1510 2160 1615 2196 MSS.
1635 2161 1793 2208 ejusdem

402 2221 546 2261 ordinis,
564 2221 706 2266 scripsit

550 2278 846 2313 Examinationes
864 2276 1152 2322 Templariorum
1389 2275 1450 2310 lib.
1470 2284 1495 2310 1.

549 2335 759 2371 Ordinarias
777 2335 1012 2375 Quaestiones
1391 2333 1452 2368 lib.
1470 2342 1496 2368 1.

453 2392 620 2428 Florebat
637 2404 730 2427 anno
750 2401 937 2428 Meccxn.
