2060 2848
688 300 864 333 GENTIS
888 298 1168 337 SCOTORUM,
1193 299 1284 333 LIB.
1308 299 1353 331 X.
1657 299 1717 329 411

628 392 674 422 Ne
687 393 769 432 turpi
783 393 845 421 sine
858 391 945 420 laude
959 391 1016 420 situ
1031 390 1144 420 defossa
1154 391 1295 429 jacerent,

664 440 788 479 Corpora
803 438 987 468 Burchardus
1000 438 1054 467 sub
1067 438 1244 467 monimenta
1256 438 1339 467 locat.

375 506 477 541 Paul.
497 505 658 551 Langius
680 505 934 539 Bosnaniensis
952 503 1129 538 Chronico
1146 504 1319 538 Citizensi
1337 503 1382 537 ad
1400 502 1528 537 finem:
1557 507 1579 523 ‘⁶
1597 502 1717 538 Sancti

323 568 359 597 et
376 563 597 597 devotissimi
614 569 744 607 patres,
760 562 1013 602 Columbanus,
1028 560 1163 602 Gallus,
1180 561 1379 601 Chilianus,
1394 559 1613 600 Bonifacius,
1627 560 1718 594 Wil-

323 619 512 660 librordus,
531 624 566 654 et
583 619 820 666 Ludigerus.’'
870 618 1021 663 Scripsit

472 677 607 712 Contra
623 676 893 711 Arrianismum
1214 676 1275 710 lib.
1295 685 1321 711 1.

472 734 607 769 Contra
624 735 830 780 peregrinos
849 734 977 768 Cultus
1213 733 1274 768 lib.
1294 742 1320 767 1.

470 791 612 826 Monita
643 792 689 826 atl
717 790 936 826 Gozbertum
970 790 1108 825 Ducem
1142 801 1250 836 super
1280 790 1448 826 Divortio
1481 802 1562 826 cum
1596 790 1717 826 fratris

522 860 634 883 uxore
1212 848 1273 883 lib.
1294 857 1320 883 1.

374 906 542 941 Florebat
568 917 660 940 anno
686 907 791 940 salut.
819 914 951 940 Dcxn.
977 909 1019 939 ut
1049 907 1128 940 vult
1155 905 1322 952 Rhegino
1352 905 1460 940 abbas
1485 905 1717 945 prumiensis,

326 964 425 1004 falso,
443 968 485 997 ut
502 964 650 1007 opinor:
676 964 802 997 melius
821 963 1009 997 Marianus
1027 962 1153 997 Scotus
1177 974 1271 997 anno
1294 971 1546 996 DCLXXXVII.
1569 974 1652 997 nam
1678 975 1718 998 eo

325 1033 418 1055 anno
436 1025 677 1054 consecratum
696 1020 902 1064 episcopum
920 1031 940 1053 a
958 1019 1151 1053 Benedieto
1168 1030 1272 1064 papa,
1291 1031 1364 1053 non
1383 1024 1503 1054 autem
1522 1031 1543 1054 a
1560 1019 1715 1061 Conone,

324 1083 366 1112 ut
384 1089 492 1122 supra
518 1077 632 1111 voluit
657 1076 878 1123 Sigebertus.
929 1076 1056 1111 Prodit
1081 1077 1286 1121 compilatio
1311 1077 1560 1123 chronologica
1584 1088 1718 1123 anony-

325 1136 374 1169 mi
400 1135 565 1169 auctoris.
609 1134 741 1168 Passus
766 1139 819 1168 est
847 1145 940 1168 anno
968 1143 1154 1168 Dcxcvn.
1202 1134 1276 1168 Alii
1307 1134 1485 1168 diversam
1509 1135 1542 1168 ei
1565 1139 1718 1169 aetatem

325 1196 502 1233 astruunt,
523 1197 559 1226 et
575 1196 660 1226 sunt
677 1192 739 1237 qui
765 1192 909 1226 biennio
933 1192 1046 1226 serius
1070 1192 1244 1236 martyrio
1263 1196 1473 1226 coronatum
1491 1192 1626 1233 velint3
1654 1204 1718 1227 nec

325 1251 417 1285 tanti
436 1254 489 1284 est
510 1261 577 1289 res,
596 1254 638 1283 ut
655 1250 759 1284 anxie
777 1250 992 1294 inquiratur.

797 1364 833 1399 S.
860 1362 1104 1399 KORTILA.
1158 1361 1241 1401 756.

326 1480 361 1514 S.
380 1479 584 1519 KORTILA,
602 1483 665 1513 aut
683 1479 836 1519 Rortila,
855 1480 930 1513 sive
949 1479 1107 1523 Cortyla,
1125 1483 1161 1512 et
1179 1479 1253 1523 ipse
1271 1478 1334 1513 diu
1351 1479 1390 1513 in
1408 1477 1610 1514 Germaniis
1622 1490 1717 1515 com-

326 1541 496 1576 moratus,
523 1536 702 1570 Tanconis
734 1536 967 1581 Pattonisque
997 1536 1184 1570 familiaris
1216 1540 1252 1571 et
1283 1536 1429 1577 amicus,
1461 1536 1718 1583 dignitatisque

326 1595 469 1640 collega,
488 1594 730 1638 episcopatum
748 1594 855 1628 etiam
873 1593 1090 1628 Verdensem
1113 1594 1171 1638 pie
1192 1594 1470 1634 administravit,
1494 1598 1617 1629 sextus
1640 1596 1718 1641 eJus

324 1652 484 1692 antistes,
514 1655 556 1685 ut
584 1651 735 1695 Gaspari
766 1651 943 1686 Bruschio
973 1652 1098 1695 placet.
1160 1650 1311 1696 Scripsit
1345 1652 1471 1692 multa,
1501 1652 1564 1686 sed
1597 1653 1718 1687 omnia

324 1709 518 1753 perierunt,
537 1713 678 1753 praeter

472 1766 650 1800 Homilias
667 1766 710 1800 de
728 1765 868 1800 Sanctis
1213 1766 1275 1800 lib.
1295 1776 1322 1801 Ι.

373 1823 514 1857 Floruit
531 1823 598 1857 sub
614 1823 795 1869 Dungallo
813 1822 952 1857 Scotiae
969 1834 1052 1869 rege
1069 1835 1163 1858 anno
1180 1824 1306 1858 salutis
1325 1832 1550 1859 Deccxxvl.
1572 1825 1714 1869 quando

325 1880 462 1920 obierit,
477 1880 573 1914 haud
586 1880 687 1914 facile
701 1880 907 1913 divinarim.
951 1879 1051 1914 Inter
1068 1886 1208 1915 sanctos
1226 1881 1382 1915 habitus.
1425 1881 1577 1916 Arnold.
1592 1882 1713 1916 Uvion

325 1937 385 1971 lib.
406 1946 448 1970 11.
467 1937 576 1983 Ligni
594 1936 701 1971 Vitae
719 1948 797 1981 cap.
812 1945 876 1970 ΙΝ.
911 1936 1052 1972 Colitur
1069 1947 1207 1972 xxnx.
1226 1938 1376 1983 Aprilis.
1412 1938 1713 1985 Martyrologium

325 1993 530 2040 Anglicum.

748 2107 784 2142 S.
812 2108 1144 2144 KENNETHUS.
1199 2112 1282 2148 757.

325 2223 360 2257 S.
390 2222 623 2257 KENNETHI
653 2223 826 2267 templum
854 2230 1027 2258 memorat
1059 2224 1108 2259 H.
1137 2224 1311 2259 Boethius
1342 2225 1402 2260 lib.
1432 2235 1473 2260 X.
1504 2225 1602 2260 Hist.
1629 2238 1711 2274 pag.

325 2289 385 2315 cc.
416 2281 477 2315 sed
503 2280 584 2325 quis
613 2280 671 2314 ille
699 2280 819 2320 fuerit,
847 2285 910 2314 aut
937 2292 1009 2326 qua
1036 2282 1131 2316 vitae
1158 2283 1368 2323 conditione,
1394 2288 1456 2318 aut
1481 2295 1553 2329 quo
1578 2289 1714 2329 tempo-

324 2349 362 2372 re
390 2338 532 2378 vixerit,
558 2342 732 2382 quaerant
757 2338 829 2378 alii,
859 2349 924 2383 ego
948 2349 1004 2372 me
1027 2339 1142 2374 fateor
1158 2341 1317 2385 nescire:
1345 2341 1411 2375 hoc
1433 2342 1539 2376 modo
1562 2347 1711 2382 constat,

256 2398 261 2407 '
328 2396 365 2429 in
383 2394 466 2429 Fifa
483 2396 631 2430 cultum.
684 2395 815 2440 Reperi
833 2400 956 2440 postea
972 2395 1008 2431 S.
1028 2396 1184 2432 Blanum
1202 2397 1411 2442 baptizasse,
1435 2404 1470 2451 et
1494 2398 1530 2434 S.
1549 2399 1712 2446 Congalli
