2060 2848
642 324 818 358 GENTIS
843 323 1119 364 SCOTORUM‚
1144 325 1234 357 LIB.
1256 325 1351 358 XIV.
1615 327 1695 357 *511

793 476 829 511 S.
857 475 1081 511 OSMANA.
1133 479 1216 515 989.

308 591 345 625 S.
364 592 558 632 OSMANA,
577 590 680 637 virgo
698 591 806 637 regia,
826 602 906 625 cum
925 591 1064 625 beatam
1083 591 1194 625 vitam
1212 591 1250 624 in
1268 590 1373 625 terris
1391 591 1454 624 diu
1479 591 1619 637 egisset,
1645 603 1697 626 se-

307 650 474 693 pulturae
492 649 664 683 memoria
681 648 813 683 aboleri
827 649 953 693 coepit,
971 653 1048 682 tum
1062 648 1140 693 ipsa
1153 648 1334 682 indicavit.
1378 647 1450 682 Res
1464 653 1583 682 autem
1597 649 1647 683 sic
1659 660 1695 683 se

307 706 426 747 habet,
444 718 488 740 ex
508 706 650 740 Thoma
668 705 933 750 Cantipratensi
951 705 1011 739 lib.
1032 715 1074 739 11.
1094 705 1235 750 Apiarii
1253 706 1348 750 apud
1366 705 1511 740 Surium
1529 711 1614 741 tom.
1635 716 1694 741 111.

308 763 502 809 Presbyter
531 763 677 808 quidam
703 763 742 796 in
766 762 892 797 Galliis
919 762 963 796 ad
996 762 1154 797 Iotrense
1184 763 1439 797 monasterium
1469 764 1624 804 veniens,
1660 764 1695 797 in

307 825 433 866 crypta
458 822 624 866 quadam,
648 821 710 855 ubi
736 824 939 854 sanctorum
966 831 1112 863 corpora
1136 819 1373 863 quiescebant,
1399 821 1533 860 orabat,
1555 826 1590 855 et
1616 832 1696 855 cum

307 878 419 912 sancti
433 878 619 924 cujusdam
632 878 824 917 tumulum,
843 888 888 910 ex
901 876 1153 916 alabastritide,
1168 881 1309 920 praeter
1321 882 1474 911 mentem
1489 878 1694 922 aperuisset,

307 946 370 969 nec
398 939 517 969 tamen
543 935 620 981 ejus
646 945 775 969 nomen
801 938 864 968 aut
889 935 1058 968 meritum
1083 934 1171 967 scire
1196 939 1325 978 posset,
1348 935 1443 978 piam
1470 935 1694 979 postmodum

306 992 542 1038 Luitgardam
561 992 714 1038 rogavit,
733 996 775 1026 ut
792 1002 814 1025 a
830 990 985 1025 Domino
1002 994 1137 1034 peteret
1155 991 1231 1036 ejus
1249 1002 1377 1025 nomen
1395 992 1566 1032 revelari;
1584 993 1644 1026 illa
1658 1003 1694 1026 se

307 1054 419 1084 totam
437 1048 574 1083 confert
591 1049 636 1083 ad
652 1049 851 1094 rogandum
870 1047 1076 1088 Dominum,
1104 1053 1140 1082 et
1164 1048 1235 1082 cito
1259 1048 1355 1093 quod
1377 1050 1490 1083 voluit
1516 1050 1693 1094 impetrat,

306 1106 474 1151 apparuit
492 1106 587 1140 enim
605 1106 637 1140 ei
661 1105 856 1139 instantius
882 1104 1010 1144 oranti,
1037 1108 1071 1138 et
1089 1105 1151 1144 ait,
1176 1109 1198 1124 “
1215 1103 1297 1150 Ego
1312 1116 1421 1140 vocor
1437 1106 1604 1146 Osmana,
1623 1107 1694 1140 vir-

305 1174 362 1209 go,
381 1162 454 1197 filia
469 1163 648 1207 quondam
667 1162 762 1208 regis
780 1161 929 1201 Scotiae,
954 1165 991 1195 et
1006 1172 1070 1205 per
1087 1162 1299 1196 miraculum
1324 1162 1471 1197 Domini
1496 1164 1534 1197 in
1559 1162 1692 1198 Gallias

305 1220 468 1259 adducta,
488 1224 608 1254 sancte
626 1220 713 1260 vixi,
732 1218 968 1264 defunctaque
991 1218 1121 1253 ibidem
1147 1230 1239 1260 sum,
1265 1231 1306 1255 ac
1330 1221 1469 1265 sepulta
1493 1222 1693 1261 solenniter,

307 1277 368 1311 sed
386 1278 454 1311 mei
474 1277 618 1311 tandem
636 1288 700 1322 per
722 1276 898 1310 incuriam
915 1276 1048 1310 incolae
1066 1276 1167 1310 obliti
1189 1277 1306 1311 sunt.‘'
1354 1277 1492 1312 Eadem
1515 1283 1617 1312 nocte
1642 1290 1695 1314 se·

306 1335 429 1379 quenti
449 1334 527 1379 ipsa
544 1334 687 1379 repetiit
704 1333 912 1378 presbytero
930 1333 1058 1373 oranti,
1083 1338 1190 1378 atque
1215 1334 1267 1368 ita
1292 1334 1395 1380 virgo
1417 1334 1485 1368 Dei
1503 1336 1693 1379 pristinum

307 1392 402 1425 inter
418 1391 579 1426 homines
597 1391 768 1426 honorem
786 1394 822 1424 et
839 1391 974 1424 cultum
992 1390 1134 1434 recepit.
1161 1390 1249 1425 Vita
1274 1390 1310 1425 S.
1329 1391 1547 1437 Luitgardae
1569 1393 1630 1427 lib.
1650 1402 1692 1427 11.

307 1449 423 1482 Miror
446 1448 675 1483 vehementer
699 1459 763 1482 cur
788 1447 932 1482 Gabriel
955 1447 1118 1481 Flamma
1139 1447 1177 1481 in
1202 1458 1267 1482 sua
1292 1447 1501 1483 Sanctorum
1527 1448 1692 1484 Vitarum

307 1506 468 1539 versione
487 1505 612 1540 Italica
629 1516 707 1539 eam
721 1505 909 1539 Ostianam
927 1508 1050 1544 vocet;
1074 1505 1135 1538 sed
1158 1505 1401 1539 vehementius
1419 1506 1541 1540 mirari
1559 1507 1693 1546 subeat,

306 1574 396 1607 quae
414 1561 529 1596 furiae
548 1561 746 1596 Hem-icum
764 1560 1045 1595 Fitz-Simonem
1070 1565 1105 1595 et
1124 1562 1211 1596 alios
1230 1561 1425 1597 Hirlandos
1441 1563 1635 1607 impellant,
1653 1569 1694 1599 ut

305 1620 397 1654 hanc
430 1619 639 1653 Hirlandiae
670 1619 814 1658 donent,
845 1617 983 1652 Scotiae
1014 1629 1099 1653 suae
1132 1618 1319 1660 auferant3
1345 1630 1440 1659 nam,
1464 1625 1507 1654 ut
1531 1621 1693 1655 omittam

306 1688 383 1711 eam
401 1688 473 1711 non
491 1676 594 1710 aliter
611 1687 719 1721 quam
737 1675 879 1709 Scotam
901 1675 939 1709 in
957 1676 1173 1710 revelatione
1191 1677 1322 1716 vocari,
1349 1676 1539 1710 Hirlandia
1555 1678 1594 1711 in
1610 1689 1694 1722 pen-

306 1734 479 1768 tarchiam
509 1733 626 1767 divisa
660 1737 747 1773 erat,
781 1736 824 1767 ut
856 1743 929 1767 non
962 1733 1120 1777 potuerit
1152 1734 1222 1768 dici
1256 1733 1328 1769 filia
1360 1735 1454 1780 regis
1490 1734 1693 1775 Hiberniae,

306 1790 446 1825 etiamsi
465 1789 584 1824 Scotia
600 1789 728 1824 fuisset
748 1789 934 1829 Hibernia,
961 1790 1056 1834 quod
1082 1796 1135 1825 est
1152 1790 1393 1831 falsissimum,
1417 1791 1476 1825 sed
1503 1791 1575 1825 filia
1599 1793 1692 1838 regis

307 1847 485 1887 Ultouiae,
517 1846 733 1887 Momoniae,
765 1851 829 1881 aut
854 1847 989 1891 aliquid
1015 1847 1153 1881 simile:
1179 1848 1240 1881 sed
1265 1859 1324 1882 eos
1350 1848 1541 1882 Furiarum
1567 1850 1691 1883 tertiae

307 1905 480 1948 relinquo,
503 1907 538 1937 et
556 1903 592 1937 S.
612 1903 807 1937 Osmanam
829 1908 961 1948 repeto,
979 1915 1070 1949 quae
1089 1904 1253 1938 decenter
1269 1905 1446 1945 collocata,
1464 1916 1485 1938 a
1497 1905 1565 1950 piis
1580 1906 1692 1940 homi-

307 1961 411 1995 nibus
429 1962 535 1994 culta.

356 2017 544 2052 Revelavit
562 2028 599 2051 se
617 2028 711 2051 anno
731 2025 888 2051 MCCXI..
937 2016 1077 2051 Colitur
1095 2025 1200 2051 xxn.
1220 2016 1412 2052 Novembr.
1456 2018 1690 2066 Martyrolog.

305 2075 508 2121 Anglicum.

778 2188 815 2222 S.
842 2188 1080 2223 ORBILLA.
1132 2191 1215 2227 990.

308 2305 342 2339 S.
377 2305 578 2344 ORBILLA,
621 2304 724 2350 virgo
759 2302 874 2343 Scuta,
916 2303 1176 2349 consanguinea
1210 2303 1245 2337 S.
1280 2303 1404 2338 Abelis
1438 2305 1688 2350 archiepiscopi

308 2361 540 2402 Rhemorum,
576 2361 620 2396 ab
654 2373 694 2396 eo
727 2361 846 2405 patria
878 2371 943 2395 sua
977 2365 1133 2401 evocata,
1175 2368 1217 2396 ut
1258 2362 1469 2397 monialibus
1503 2370 1689 2407 praeesset,

308 2419 370 2453 diu
404 2419 552 2454 Rhemis
583 2419 659 2453 vita
687 2423 819 2457 sancta,
850 2422 886 2452 et
916 2418 1152 2453 continentiae
1185 2419 1289 2453 laude
1322 2419 1492 2464 bonisque
1525 2419 1689 2464 operibus
