2060 2848
391 329 452 360 436
771 328 1003 361 HISTORIA
1027 329 1401 362 ECCLESIASTICA

851 479 1059 515 MARCUS
1086 480 1197 515 LEO.
1252 480 1336 516 806.

396 597 567 631 MARCUS
586 596 671 637 Leo,
690 596 931 630 illustrissima
949 596 1118 630 comitum
1138 596 1358 642 Kingorniae
1375 601 1481 642 gente
1499 597 1686 638 oriundus,
1706 603 1785 642 post

396 653 529 688 Gallias
548 653 827 698 Germaniasque
851 654 1032 694 lustratas,
1057 654 1094 686 in
1113 653 1266 693 Italiam,
1295 655 1421 697 plenus
1445 653 1618 688 bonarum
1644 656 1789 695 artium,

397 712 598 752 descendit3
618 716 653 745 et
671 722 750 745 cum
769 710 929 745 Atestini
946 711 1123 755 principes
1141 710 1406 744 Ferrariensem
1424 711 1579 745 scholam
1598 712 1789 756 publicam,

396 780 535 803 summo
558 770 742 803 literarum
766 772 985 808 ornamento,
1013 779 1077 801 nec
1100 768 1230 801 minori
1252 779 1317 801 sua
1344 767 1452 808 fama,
1480 769 1671 812 aperirent,
1696 781 1789 804 unus

397 838 518 860 eorum
536 826 566 860 is
586 826 666 866 fuit,
687 826 749 870 qui
763 826 825 871 jus
851 825 954 858 civile
978 825 1284 869 interpretandum
1309 825 1539 868 susciperent,
1565 830 1607 859 ut
1633 837 1676 859 ex
1702 827 1791 860 actis

397 884 491 918 illius
518 884 715 917 academiae
746 883 802 917 vir
828 882 1076 916 ornatissimus
1106 881 1213 915 habet
1238 881 1277 914 in
1302 881 1522 925 praefatione
1548 883 1696 922 solenni,
1725 876 1790 916 Pe-

397 946 473 975 trus
505 940 644 981 Gerius‚
675 940 845 985 patricius
875 940 1062 979 Aretinus,
1098 939 1220 973 doctor
1250 943 1285 973 et
1311 940 1422 973 lector
1448 939 1640 983 primarius
1670 941 1790 986 legum

396 999 566 1039 civilium,
584 1009 624 1032 ac
642 998 829 1032 Ferrariae
846 1001 999 1042 praetor.
1053 996 1204 1040 Scripsit

543 1055 599 1090 De
617 1055 858 1090 Testamentis
1334 1054 1395 1088 lib.
1416 1064 1440 1087 1.

544 1114 598 1148 De
617 1113 671 1147 Re
690 1113 846 1147 Militari
1245 1144 1247 1146 ,
1332 1111 1393 1145 lib.
1414 1120 1439 1144 1.

544 1170 600 1205 De
618 1170 743 1205 Officio
761 1170 1043 1216 Magistratuum
1062 1169 1233 1204 Lecturas
1330 1169 1391 1203 lib.
1413 1178 1465 1203 IV.

444 1229 602 1264 Docebat
619 1240 713 1263 anno
732 1236 918 1262 Mcccxn.

801 1342 1016 1377 THOMAS
1043 1341 1248 1376 LEICHT.
1304 1344 1385 1379 807.

398 1461 577 1494 THOMAS
590 1459 771 1499 Leichtus,
784 1458 978 1492 monachus
993 1458 1114 1492 beatae
1129 1458 1266 1492 Mariae
1281 1469 1420 1502 semper
1434 1458 1595 1504 Virginis
1610 1460 1652 1492 de
1667 1459 1792 1494 Monte

396 1519 568 1556 Cal-melo,
595 1517 693 1562 prior
724 1515 932 1550 Tullilensis
958 1527 1067 1560 prope
1094 1515 1280 1556 Perthum,
1314 1519 1393 1549 tum
1426 1516 1537 1549 totius
1566 1516 1702 1550 ordinis
1729 1529 1792 1561 per

398 1576 552 1610 Scotiam
570 1574 808 1619 provincialis,
838 1584 859 1606 a
877 1573 1058 1607 Richardo
1076 1573 1238 1617 episcopo
1265 1572 1510 1606 Dunkeldensi
1529 1573 1591 1618 jus
1616 1575 1790 1608 condendi

397 1632 603 1667 monasterii
621 1631 838 1676 impetravit,
858 1630 914 1664 vir
932 1641 997 1664 sua
1014 1634 1128 1664 aetate
1146 1631 1251 1676 longe
1274 1631 1493 1664 clarissimus
1511 1642 1551 1664 ac
1569 1632 1791 1675 compositis-

397 1692 518 1730 simus,
538 1690 675 1734 primus
693 1688 967 1722 Carmelitarum
986 1688 1023 1721 in
1042 1687 1130 1721 illud
1157 1698 1309 1733 regnum
1336 1688 1572 1728 introductor,
1600 1688 1637 1721 in
1663 1688 1790 1723 Galliis

398 1749 558 1782 vestitus.
611 1747 758 1790 Scripsit

546 1805 617 1839 Pro
635 1804 734 1850 Rege
752 1803 958 1838 Alexandro
976 1804 1020 1837 ad
1040 1804 1174 1847 Papam
1288 1803 1348 1837 lib.
1370 1813 1394 1836 1.

544 1862 738 1896 Conciones
756 1872 820 1905 per
836 1860 985 1894 Annum
1287 1860 1348 1894 lib.
1371 1870 1394 1894 Ι.

546 1920 599 1953 De
618 1919 851 1953 Immunitate
870 1918 1118 1952 Ecclesiastica
1289 1918 1350 1952 lib.
1371 1928 1395 1951 ῐ.
1432 1918 1572 1952 Laudat
1584 1918 1791 1953 Amedelius

594 1978 636 2011 de
654 1976 768 2010 Souis.

446 2036 547 2070 Vixit
566 2035 657 2069 circa
675 2045 808 2068 annum
835 2042 1042 2067 MCCXXXI.
1063 2033 1129 2067 sub
1149 2032 1246 2079 Rege
1266 2033 1485 2068 Alexandro.

735 2148 993 2183 GEORGIUS
1020 2147 1323 2182 LANDELLIS.
1378 2151 1460 2183 808.

401 2266 611 2299 GEORGIUS
639 2264 833 2304 Landellis,
861 2265 983 2298 doctor
1014 2275 1053 2298 ac
1082 2264 1118 2298 J.
1145 2265 1185 2299 C.
1217 2265 1380 2306 eximius,
1407 2265 1470 2298 diu
1497 2265 1614 2309 patria
1640 2266 1793 2299 extorris

402 2323 620 2368 peregrinus,
655 2322 798 2356 tandem
834 2321 1046 2362 Bononiam,
1083 2321 1258 2356 Aemiliae
1294 2330 1400 2366 caput
1434 2332 1474 2355 ac
1509 2321 1696 2356 Musarum
1736 2323 1793 2355 de-

400 2380 506 2418 litias,
541 2380 700 2424 appulit3
737 2379 868 2414 ibidem
898 2379 993 2425 juris
1036 2379 1150 2413 civilis
1189 2378 1444 2423 professionem
1479 2390 1591 2419 orsus,
1636 2380 1792 2413 maximo
