2060 2848
684 325 859 359 GENTIS
884 324 1158 364 SCOTORUM‚
1182 325 1272 358 LIB.
1293 327 1388 359 XVI.
1672 326 1735 356 553

654 418 699 446 Ac
713 417 822 455 tegitur
835 417 924 450 silvis,
938 417 1048 455 tegitur
1060 417 1215 456 lustrisque
1228 417 1338 450 ferinis,

655 464 792 502 Urbeque
805 463 932 497 detenta,
946 470 1096 493 remanent
1109 465 1159 492 vix
1171 464 1275 493 ultima
1288 464 1377 502 signa.

654 510 736 539 Haec
749 504 810 539 loca
826 510 990 539 Radbertus
1004 510 1058 538 sibi
1072 509 1188 547 delegit,
1202 514 1284 547 pater
1297 508 1398 542 almus,

655 556 769 585 Primus
782 562 812 586 et
825 557 873 585 hic
885 556 982 585 sedem
995 555 1155 586 construxit
1168 554 1369 594 pontificalem,

657 603 703 632 Ac
716 603 792 632 sedis
804 603 913 642 primae
925 603 1053 641 regimen
1066 606 1230 640 susceperat
1243 601 1313 640 ipse,

654 650 824 679 conducens
837 650 896 679 late
909 650 1028 689 populos
1041 649 1078 679 ad
1091 658 1196 688 pascua
1208 648 1294 677 vitae.

655 696 715 726 Noe
729 696 840 726 meritis
853 697 915 734 ejus
929 697 1086 725 clementer
1100 695 1186 724 ducat
1199 695 1236 724 ad
1249 695 1348 724 aethra

653 743 776 773 Sanctus
790 748 961 778 sanctorum,
975 748 1095 772 noceant
1109 751 1145 771 ne
1158 741 1279 771 crimina
1292 746 1375 771 tetra.

403 867 475 901 Res
493 866 568 912 ejus
585 865 757 912 gloriosas
774 865 915 910 seriptis
934 866 1149 904 extulerunt,
1167 868 1307 908 praeter
1323 874 1541 908 anonymum
1558 865 1635 910 jam
1662 866 1735 899 lau-

353 924 489 962 datum,
506 923 666 968 plerique
688 922 761 962 alii,
784 926 820 956 et
843 923 962 966 plures
984 922 1234 956 meminerunt.
1285 919 1472 966 Viguleius
1500 920 1668 956 Hundius
1694 922 1732 955 in

354 979 547 1023 Metropoli
582 978 842 1024 Salisburgensi
875 979 913 1012 in
952 978 1125 1023 principio
1162 981 1198 1011 et
1236 976 1321 1010 alibi
1359 976 1626 1023 Nunbergensis
1659 989 1733 1012 mo-

354 1036 500 1070 nasterii
534 1036 750 1070 conditorem
783 1035 879 1075 facit,
913 1039 955 1069 ut
984 1039 1020 1069 et
1050 1034 1110 1068 alii
1139 1034 1434 1068 monasteriorum
1468 1033 1530 1068 SS.
1565 1034 1663 1069 Petri
1697 1039 1732 1068 et

353 1092 592 1126 Maximiliani
618 1096 797 1126 auctorem
815 1091 985 1126 referunt.
1034 1091 1164 1125 Caesar
1189 1090 1367 1125 Baronius
1391 1095 1477 1125 tom.
1504 1099 1575 1125 VII.
1599 1090 1731 1126 Annal.

354 1148 554 1183 Ecclesiast.
580 1148 625 1182 ad
643 1147 760 1188 finem,
786 1153 821 1182 et
846 1147 932 1183 Not.
959 1148 1005 1182 ad
1031 1147 1332 1193 Martyrologium
1358 1147 1415 1180 die
1432 1156 1565 1182 XXVII.
1585 1147 1730 1189 Martii;

352 1204 376 1238 J
378 1215 482 1239 oann.
500 1204 672 1239 Aventin.
691 1204 751 1238 lib.
772 1214 832 1239 111.
852 1204 989 1239 Histor.
1008 1204 1128 1239 Boiar.
1143 1215 1224 1250 pag.
1239 1212 1409 1238 CCLXIII.
1425 1208 1460 1238 et
1472 1215 1554 1250 pag.
1569 1213 1732 1239 cewa.

353 1261 481 1296 Petrus
496 1261 666 1307 catalogo
683 1261 743 1295 lib.
764 1270 838 1296 XII.
857 1273 931 1306 cap.
947 1270 984 1296 V.
1001 1261 1026 1295 J
1027 1273 1105 1296 oan.
1126 1261 1302 1295 Trithem.
1319 1261 1379 1295 lib.
1396 1270 1455 1295 111.
1474 1262 1517 1296 de
1531 1261 1608 1296 Vir.
1623 1262 1732 1296 illust.

352 1319 478 1353 Ordin.
493 1318 529 1352 S.
544 1318 728 1353 Benedicti
746 1329 821 1362 cap.
840 1327 945 1352 CCVI.
964 1318 1108 1353 Marcus
1125 1317 1294 1352 Velserus
1311 1318 1447 1352 Rerum
1464 1319 1654 1353 Boicarum
1672 1319 1731 1353 lib.

354 1384 407 1409 IV.
439 1386 520 1421 pag.
552 1383 707 1411 CCXVII.
743 1374 881 1419 Gaspar
910 1375 1106 1409 Bruschius
1137 1374 1366 1409 Monasteriis
1403 1375 1622 1409 Germanicis
1652 1386 1731 1421 pag.

354 1441 515 1466 LXXVII.
534 1431 710 1466 Chronica
727 1431 831 1466 MSS.
850 1431 1133 1477 Salisburgensia
1149 1431 1194 1465 ad
1210 1431 1256 1465 D.
1275 1431 1374 1465 Petri
1388 1432 1517 1466 ibidem
1531 1437 1732 1472 asservata3

352 1488 487 1523 Anton.
506 1489 716 1523 Demochar.
735 1493 821 1523 tom.
841 1498 883 1523 II.
908 1489 951 1523 de
976 1488 1128 1523 Sacrific.
1154 1488 1286 1522 Missae
1311 1499 1392 1534 pag.
1419 1497 1549 1522 xxxv.
1577 1497 1671 1522 LXV.
1698 1493 1733 1522 et

351 1557 427 1590 cap.
457 1554 524 1579 XI..
551 1556 632 1592 pag.
661 1554 808 1579 LXXIX.
846 1545 976 1579 Petrus
1005 1545 1226 1589 Cratepolius
1251 1544 1289 1580 in
1313 1544 1479 1589 Episcop.
1507 1544 1671 1579 German.
1698 1551 1732 1578 et

352 1603 689 1648 martyrologiorum
711 1602 956 1646 compilatores
980 1602 1026 1636 ad
1048 1602 1141 1636 diem
1165 1611 1299 1636 XXVII.
1326 1602 1474 1642 Martii3
1500 1601 1524 1635 J
1526 1613 1629 1636 oann.
1656 1601 1735 1636 Mo-

352 1660 454 1694 lanus
471 1659 516 1694 ad
533 1658 752 1699 Usuardum,
777 1658 907 1692 Petrus
931 1658 1145 1700 Galesinius,
1171 1658 1383 1699 FeHcianus,
1408 1658 1590 1692 Amoldus
1615 1657 1735 1692 Uvion

352 1727 429 1761 par.
447 1725 492 1751 11.
515 1719 550 1750 et
568 1716 640 1750 alii.
691 1715 814 1750 Vitam
832 1716 935 1759 plene
951 1716 1103 1760 reperies
1121 1716 1215 1760 apud
1234 1715 1469 1750 Laurentium
1487 1714 1630 1749 Surium
1648 1720 1732 1749 tom.

354 1781 397 1806 II.
449 1772 543 1806 Illud
574 1772 617 1806 de
642 1783 683 1806 eo
707 1772 935 1818 magnificum
960 1777 997 1807 et
1021 1772 1123 1806 valde
1159 1772 1354 1818 gloriosum
1378 1772 1611 1816 praedicatur,
1640 1773 1734 1816 quod

354 1828 582 1862 Theodonem
612 1839 744 1873 regem,
774 1827 988 1863 Christianis
1017 1827 1307 1868 infensissimum,
1333 1828 1463 1862 sanctis
1492 1828 1655 1872 operibus
1690 1828 1732 1861 ad

354 1884 457 1919 fidem
476 1888 708 1923 converterat,
726 1895 798 1918 non
815 1888 957 1918 tantum
974 1885 1156 1929 populum.
1208 1883 1357 1928 Scripsit

500 1940 560 1975 Ad
579 1940 806 1974 Theodonem
826 1945 861 1974 et
879 1941 1165 1975 Theodobertum
1183 1940 1299 1986 Reges
1317 1951 1381 1985 pro
1399 1940 1584 1975 Monachis
1602 1941 1662 1975 lib.
1684 1951 1708 1975 I.

502 1997 604 2031 Piam
621 2002 657 2031 et
674 2002 857 2041 paternam
875 1996 1173 2031 Exhortationem
1191 1998 1236 2031 ad
1253 1998 1397 2031 Fratres
1413 1997 1474 2031 lib.
1494 2006 1519 2030 1.
1537 2002 1573 2031 et
1590 1997 1669 2032 alia.

405 2054 632 2087 Theodonem
662 2064 780 2099 regem
808 2054 983 2088 convertit
1010 2054 1054 2087 ad
1084 2054 1188 2088 fidem
1215 2065 1308 2088 anno
1336 2062 1495 2087 DLXXX.
1525 2053 1687 2099 Fugatus
1712 2067 1733 2087 a

356 2118 508 2156 tyranno
525 2109 738 2144 Vuormacia
755 2110 845 2144 sedit
860 2109 1075 2157 Saltzburgi,
1093 2122 1155 2145 seu
1171 2110 1195 2145 J
1197 2121 1344 2150 unanae,
1361 2110 1463 2144 annis
1482 2118 1595 2144 XLIV.

405 2167 506 2201 Obiit
528 2177 621 2200 anno
639 2174 817 2200 DCXXIII.
859 2165 1033 2201 Auctores
1053 2178 1161 2211 supra
1177 2167 1362 2201 nominati.
1406 2166 1603 2201 Concilium
1621 2165 1734 2201 Saltz-

358 2226 530 2270 burgense
547 2234 627 2257 eum
645 2227 833 2267 patronum
852 2227 964 2263 vocat,
984 2223 1085 2269 cujus
1103 2223 1264 2259 meminit
1282 2222 1454 2257 Gherard.
1468 2222 1684 2264 Altahensis,
1699 2229 1733 2257 et

358 2281 469 2316 Henr.
489 2279 601 2320 Stero‚
620 2290 712 2314 anno
731 2287 930 2314 Mccxxcx.
