2060 2848
659 324 834 361 GENTIS
859 323 1137 363 SCOTORUM,
1162 325 1251 358 LIB.
1276 326 1352 358 XV.
1634 327 1698 359 527

316 421 423 455 etiam
442 418 663 458 hortabatur,
681 422 724 452 ut
740 428 762 453 a
777 417 951 463 magistro
971 428 1037 451 suo
1060 417 1171 452 socios
1194 422 1385 462 expeteret,
1412 423 1448 453 et
1473 430 1553 453 cum
1578 420 1621 454 iis
1651 422 1694 454 ad

316 478 425 513 alium
442 486 518 511 sete
534 476 650 509 locum
667 473 916 511 transferret.”
968 474 1044 507 Nec
1060 475 1164 517 plura
1180 486 1221 508 eo
1238 475 1276 509 in
1294 476 1381 509 loco.

364 532 595 567 Sanctissima
611 531 688 576 ejus
706 542 813 575 opera
836 531 1035 567 venerabile
1058 530 1254 565 etiamnum
1275 531 1380 566 hodie
1403 532 1497 576 apud
1521 537 1694 567 nostrates

316 589 564 633 Hibernosque
590 598 719 624 nomen
744 588 776 622 ei
801 587 1000 627 conciliant,
1025 591 1067 621 ut
1089 588 1227 621 nullum
1251 588 1432 623 ardentius
1457 590 1573 629 colant
1598 600 1696 624 sanc-

314 651 444 685 torum,
464 649 527 678 aut
549 648 634 678 vota
658 643 814 678 crebrius
839 644 1037 689 majorique
1059 643 1202 688 pietatis
1228 644 1356 679 affectu
1380 650 1609 690 nuncupent3
1638 657 1696 683 ex-

314 707 447 747 tatque,
466 712 537 735 non
550 701 626 735 sine
638 701 830 745 impiorum
843 704 879 735 et
890 701 1121 736 sectariorum
1134 700 1289 741 horrore,
1305 706 1448 736 antrum
1461 703 1506 737 ab
1519 714 1560 737 eo
1573 704 1694 738 divina

314 759 541 804 permittente
554 758 672 804 gratia
683 757 829 798 factum,
843 758 944 803 cujus
961 761 1066 791 antea
1082 757 1139 791 hic
1156 768 1263 802 supra
1281 758 1510 804 Maurolycus
1523 761 1694 801 meminit,

245 821 248 823 '
314 820 350 850 et
367 820 507 860 praeter
523 826 644 849 rerum
667 814 942 849 Hibernicarum
968 815 1155 858 scriptores
1180 815 1346 852 describit
1372 815 1515 850 Simeon
1542 816 1694 851 Maiolus

312 872 448 908 Diebus
464 871 734 907 Canicularibus
751 871 926 915 colloquio
940 879 1011 906 xx.
1054 870 1172 906 Verba
1189 876 1274 906 sunt
1288 881 1297 906 z
1324 876 1346 891 “
1363 872 1454 907 Cum
1468 873 1504 907 S.
1519 873 1694 909 Patricius

313 930 531 973 praedicaret
549 928 729 968 Hibernis,
747 939 811 963 nec
826 939 886 963 eos
903 939 966 973 per
982 928 1162 968 miracula,
1180 939 1293 973 neque
1310 939 1373 973 per
1386 930 1694 969 comminationem

311 985 517 1021 futurarum
534 996 738 1030 poenarum,
756 995 820 1019 nec
836 995 900 1029 per
915 985 1088 1029 promissa
1105 986 1306 1019 coelestium
1326 987 1549 1031 gaudiorum,
1575 993 1694 1031 posset

311 1047 526 1082 convertere,
553 1041 650 1075 Deus
675 1052 739 1085 per
755 1042 832 1086 ejus
858 1052 976 1085 preces
1002 1042 1118 1075 locum
1143 1042 1323 1082 indicavit,
1350 1043 1502 1076 mirabili
1528 1043 1630 1078 hiatu
1654 1055 1694 1078 ac

312 1098 555 1143 profunditate
572 1097 803 1138 inscrutabili,
825 1108 888 1141 per
904 1108 1010 1141 quem
1026 1097 1066 1131 in
1084 1097 1337 1143 Purgatorium
1356 1099 1590 1140 descenditur,
1607 1102 1694 1144 quin

310 1160 347 1189 et
378 1153 630 1200 Purgatorium
659 1153 696 1187 S.
723 1153 871 1188 Patricii
897 1154 1005 1199 vulgo
1032 1159 1279 1198 nuncupatur:
1308 1155 1515 1190 descendere
1544 1157 1581 1189 in
1607 1157 1693 1191 illud

310 1211 468 1257 plurimi,
499 1211 629 1255 aliique
658 1210 802 1255 quidem
827 1221 1011 1255 nunquam
1041 1211 1237 1251 redeuntes,
1271 1212 1331 1245 alii
1365 1213 1551 1247 redeuntes
1585 1214 1694 1247 admi-

310 1269 423 1303 randa
452 1279 542 1313 quae
569 1267 637 1302 sibi
666 1267 892 1313 contigerunt
921 1268 964 1301 de
991 1278 1185 1312 poenarum
1214 1268 1463 1303 acerbitatibus
1488 1281 1510 1304 a
1538 1281 1575 1304 se
1606 1271 1691 1305 visis

312 1325 560 1367 tradiderunt;
588 1325 682 1359 inter
698 1324 763 1358 hos
780 1324 991 1368 praecipuus
1017 1323 1178 1369 Agneius
1201 1324 1315 1358 miles.
1363 1324 1418 1359 De
1443 1326 1571 1370 quibus
1589 1327 1692 1362 rebus

311 1387 418 1426 atque
435 1382 515 1416 aliis
532 1381 694 1426 pluribus
710 1381 828 1415 libello
849 1381 1004 1425 quodam
1028 1380 1217 1424 praecipuo
1243 1385 1361 1415 actum
1387 1386 1451 1423 est,
1478 1383 1531 1416 uti
1556 1388 1692 1427 partem

310 1439 388 1484 ejus
411 1443 567 1473 recenset
592 1437 787 1483 Dionysius
813 1437 1082 1477 carthusianus,
1109 1437 1152 1471 de
1176 1442 1329 1481 quatuor
1352 1437 1387 1471 N
1390 1439 1565 1473 ovis-simis
1591 1441 1691 1474 artic.

311 1504 459 1530 xm'nl.
510 1494 580 1529 Sed
596 1499 679 1530 ante
695 1495 796 1529 illum
814 1494 955 1538 scripsit
972 1494 1015 1528 de
1032 1494 1153 1528 eodem
1177 1493 1387 1529 Vincentius
1411 1495 1471 1529 lib.
1496 1504 1566 1529 xx.
1591 1495 1689 1540 Spec.

311 1552 450 1587 Histor.
469 1563 544 1597 cap.
564 1560 646 1586 LIV.
696 1551 882 1595 Appellari
900 1555 1019 1585 autem
1037 1550 1292 1596 Purgatorium
1318 1551 1364 1585 D.
1392 1552 1537 1586 Patricii
1563 1563 1692 1588 memo-

309 1614 366 1644 rat
382 1609 521 1644 Albert.
540 1608 731 1643 Crantzius
754 1607 847 1642 Dan.
874 1608 935 1642 lib.
955 1616 997 1641 11.
1025 1618 1099 1651 cap.
1124 1616 1240 1640 Xle.
1266 1607 1336 1641 huc
1361 1613 1561 1652 penetrasse
1587 1609 1692 1654 Ulys-

309 1677 384 1701 sem
400 1677 445 1701 ex
462 1666 611 1701 Claudio
624 1669 728 1709 putat
740 1664 896 1699 Joannes
913 1664 1058 1698 Camers
1072 1664 1117 1698 ad
1134 1669 1240 1708 caput
1255 1673 1383 1698 XXXV.
1403 1665 1549 1699 Solini.'’
1584 1666 1692 1700 Plura

308 1724 373 1768 qui
390 1723 501 1767 cupis,
520 1723 578 1757 adi
599 1722 635 1758 S.
653 1721 880 1756 Antoninum
905 1721 1207 1765 archiepiscopum
1231 1721 1489 1763 Florentinum,
1516 1722 1691 1758 Joannem

310 1779 564 1825 Capgravium,
600 1779 663 1823 qui
692 1789 764 1814 non
798 1785 852 1814 est
883 1789 992 1813 manu
1016 1788 1105 1818 mea,
1139 1782 1174 1811 et
1208 1779 1306 1812 alios.
1367 1778 1544 1823 Scripsere
1578 1780 1688 1814 vitam

310 1837 387 1881 ejus
405 1846 449 1869 ex
466 1835 623 1879 professo
640 1835 831 1869 Mellanius
848 1835 987 1869 Probus
1000 1833 1136 1874 ScotuS,
1149 1840 1190 1869 ut
1203 1835 1289 1875 dixi,
1302 1835 1401 1869 libris
1416 1844 1459 1869 11.
1477 1841 1512 1869 et
1525 1835 1688 1871 Gulielm.

310 1892 636 1926 Malmesburiensis
654 1892 714 1926 lib.
729 1900 790 1926 111.
825 1891 962 1925 Neuter
979 1894 1032 1924 est
1050 1900 1155 1933 penes
1174 1901 1251 1931 me3
1270 1892 1420 1937 diligens
1435 1893 1553 1932 lector,
1567 1904 1690 1927 consu-

310 1951 378 1983 lere
396 1954 506 1993 potes.
559 1947 629 1982 Hic
646 1948 787 1992 scripsit

455 2005 510 2038 De
529 2004 759 2049 Antiquitate
775 2004 986 2039 Avallonica
1438 2005 1499 2039 lib.
1519 2014 1543 2041 1.

455 2062 686 2096 Itinerarium
702 2060 943 2095 Confessionis
1436 2062 1497 2095 lib.
1518 2071 1542 2095 1.

457 2118 727 2162 Hodoeporicon
745 2117 938 2152 Hiberniae
1435 2118 1496 2152 lib.
1517 2127 1542 2151 1.

458 2175 656 2209 Historiam
671 2173 864 2210 Hiberniae
877 2186 921 2208 ex
935 2174 1088 2209 Rhuano
1102 2178 1242 2208 vetusto
1256 2179 1397 2209 auctore
1437 2174 1496 2208 lib.
1517 2181 1551 2209 1.·

457 2231 637 2276 Epistolas
656 2232 773 2275 plures
1385 2231 1445 2266 lib.
1466 2240 1491 2265 1.
1509 2243 1597 2276 quas
1615 2234 1689 2267 lau-

503 2290 565 2323 dat
581 2290 656 2323 loco
673 2289 800 2322 ultimo
817 2288 960 2324 laudato
982 2287 1179 2323 Gulielmus
1205 2287 1417 2323 eamdenus.
1464 2287 1544 2334 Ego
1570 2294 1687 2324 tamen

505 2356 577 2380 non
594 2346 679 2379 vidi.

456 2402 640 2436 Sermones
658 2402 774 2446 plures
1388 2402 1447 2440 lib.
1468 2412 1492 2435 1.
