2060 2848
425 313 489 343 584
810 311 1042 346 HISTORIA
1066 312 1437 347 ECCLESIASTICA

848 465 883 500 S.
911 464 1165 500 SEGIANUS
1191 465 1232 500 P.
1286 467 1392 500 1048.

428 580 464 614 S.
482 579 693 614 SEGIANUS
710 580 907 626 presbyter,
933 591 1027 615 unus
1048 591 1093 614 ex
1115 579 1185 614 illis
1212 582 1274 626 qui
1300 581 1480 616 ecclesiam
1507 580 1681 616 Scoticam
1707 582 1820 617 admi-

427 637 639 678 nistrabant,
657 642 736 672 orta
753 638 796 673 de
814 638 988 673 Paschate
1006 649 1094 672 cum.
1105 637 1291 672 Britannis
1314 638 1531 682 quaestione,
1557 639 1766 674 nominatur
1782 640 1821 673 in

427 695 576 739 epistola
590 694 744 730 Honorii
760 695 788 729 Ι.
807 699 893 730 tom.
909 703 970 728 111.
989 694 1178 729 Concilior.
1193 705 1268 738 cap.
1289 702 1377 728 XIX·
1392 704 1474 739 pag.
1494 702 1614 729 LXIII.
1658 695 1818 741 Scripsit,

427 752 569 786 nomine
586 753 749 786 ecclesiae
766 763 862 792 suae,

576 808 758 853 Epistulas
776 810 821 843 ad
838 808 974 843 Divum
1001 808 1194 848 Hilarium,
1220 807 1244 841 J
1246 818 1395 841 oannem
1414 807 1626 847 Diaconum,
1643 808 1667 842 J
1669 820 1820 843 oannem

625 865 886 907 Primicerium,
917 865 941 899 J
943 876 1092 900 oannem
1123 876 1267 899 servum
1297 864 1378 905 Dei,
1409 866 1526 898 locum
1556 870 1697 900 sanctae
1727 866 1819 900 sedis

620 924 833 968 apostolicae
849 927 1021 963 tenentes,
1512 923 1572 957 lib.
1593 931 1618 958 1.

573 980 688 1026 Super
705 981 913 1015 celebrando
931 980 1105 1014 Paschate
1512 981 1573 1015 lib.
1594 990 1620 1014 1.
1659 991 1725 1025 pro
1759 992 1819 1026 pa-

624 1038 695 1072 trio
709 1037 895 1072 Scotorum
910 1038 996 1078 ritu,
1014 1042 1056 1072 ut
1073 1038 1211 1082 opinor,
1226 1043 1350 1073 contra
1367 1037 1614 1073 Britannicam
1627 1038 1818 1078 ecclesiam,

622 1096 781 1130 nondum
802 1096 897 1129 enim
916 1095 1032 1129 adhuc
1049 1094 1145 1130 Scoti
1169 1095 1214 1129 ab
1239 1095 1401 1130 Honorio
1428 1094 1469 1129 Ρ.
1495 1095 1546 1129 Μ.
1573 1095 1700 1130 moniti
1726 1106 1819 1129 erro-

620 1163 695 1187 rem
713 1153 950 1197 deposuerant
967 1153 1079 1187 illum.

476 1210 618 1245 Floruit
635 1221 729 1245 anno
747 1219 917 1245 DCLXVI.

822 1325 858 1360 S.
886 1325 1188 1360 STELLANUS
1216 1326 1257 1360 P.
1311 1328 1418 1365 1049.

426 1441 462 1475 S.
490 1441 748 1483 STELLANUS,
778 1446 813 1476 et
839 1442 914 1487 ipse
940 1442 1137 1487 presbyter,
1164 1442 1286 1476 eadem
1313 1445 1428 1476 aetate
1446 1441 1620 1476 Scoticam
1639 1442 1818 1477 ecclesiam

426 1504 546 1533 sancte
583 1499 738 1545 regebat,
773 1503 809 1533 et
842 1504 986 1534 strenue
1019 1499 1231 1533 allaboravit
1265 1503 1307 1533 ut
1342 1498 1496 1533 Honorii
1534 1498 1711 1544 pontificis
1745 1510 1819 1533 ma-

425 1556 513 1589 ximi
556 1556 697 1591 decreto
739 1557 1054 1601 obtemperaretur,
1093 1560 1205 1600 utque
1242 1555 1310 1590 sibi
1350 1557 1528 1590 commissi
1573 1557 1611 1590 in
1654 1557 1816 1590 omnibus

425 1617 566 1647 sanctae
602 1613 785 1648 Romanae
819 1614 984 1648 ecclesiae
1019 1613 1138 1658 capiti,
1174 1617 1210 1647 et
1251 1613 1351 1647 Petri
1390 1614 1581 1648 successori
1621 1614 1815 1647 subessent.

424 1669 574 1714 Scripsit

573 1728 629 1762 De
647 1728 820 1764 Paschate
837 1729 1043 1763 celebrando
1514 1729 1572 1763 lib.
1593 1738 1617 1762 1.

575 1784 758 1829 Epistolas
776 1787 821 1820 ad
837 1786 1026 1826 Joannem,
1045 1786 1239 1826 Hilarium,
1258 1789 1294 1819 et
1311 1785 1477 1830 reliquos,
1514 1786 1574 1820 lib.
1595 1795 1620 1819 1.

622 1842 841 1877 Nominatur
867 1843 905 1877 in
933 1844 1081 1887 epistola
1109 1842 1242 1876 Hilarii
1268 1842 1564 1888 archipresbyteri
1591 1843 1636 1877 ad
1662 1842 1815 1877 Scoticas

625 1900 786 1934 ecclesias
812 1901 955 1935 nomine
983 1900 1136 1934 Honorii
1162 1899 1304 1944 scripta,
1329 1903 1415 1934 tom.
1437 1909 1495 1934 111.
1524 1900 1711 1935 Concilior.
1738 1901 1815 1934 loco

619 1957 772 1992 laudato.

472 2013 625 2049 Vivebat
643 2025 736 2049 anno
755 2023 923 2050 DCLXVI.

815 2130 851 2165 S.
878 2130 1180 2166 SYLVENEUS
1206 2130 1257 2164 M.
1311 2133 1417 2165 1050.

428 2245 462 2277 S.
498 2243 749 2279 SYLVENEUS
782 2245 988 2286 monachus,
1026 2257 1107 2280 rara
1145 2247 1288 2290 pietate,
1330 2257 1393 2280 nec
1427 2246 1563 2280 minore
1603 2246 1812 2287 eruditione,

426 2301 549 2345 primis
593 2302 718 2336 seculis
762 2307 843 2347 post
886 2308 1065 2348 acceptam
1111 2303 1227 2343 fidem,
1281 2304 1458 2350 egregiam
1502 2314 1644 2347 operam
1687 2304 1813 2338 exstir-

426 2358 552 2402 pandis
595 2359 693 2394 vitiis
735 2360 894 2402 navavit,
938 2365 1147 2396 coaetaneus
1190 2360 1358 2395 Damiani
1400 2360 1608 2405 presbyteri,
1651 2365 1685 2395 et
1728 2361 1813 2394 alio-
