2060 2848
320 398 838 483 -HISTORIAE
880 400 1634 457 ECCLESIASTICAE

626 500 905 548 GENTIS
942 500 1339 551 SCOTORUM

828 615 1011 656 LIBER
1041 617 1154 658 XIV.

765 768 801 803 S.
828 768 1075 803 OTGERUS.
1125 770 1208 807 970.

297 858 332 893 S.
351 859 546 894 OTGERUS
564 871 610 894 an
628 859 753 894 Scotus
771 860 890 899 fuerit,
908 860 1004 893 haud
1021 860 1123 894 facile
1141 860 1343 901 divinarim‚
1370 873 1410 896 ac
1429 862 1541 896 multo
1559 862 1676 895 minus

296 920 391 950 certo
404 916 618 950 affirmarim.
654 915 746 950 Vide
759 916 854 950 infra
867 917 928 950 lib.
942 924 1011 949 XV.
1029 917 1067 949 in
1078 914 1290 957 Plechelmo‚
1308 922 1344 951 et
1360 918 1420 952 lib.
1435 926 1522 951 XIX.
1541 918 1579 951 in
1606 915 1679 952 W-

296 982 406 1010 rone:
428 972 534 1006 iidem
552 973 645 1006 enim
663 977 822 1006 auctores
841 973 902 1018 qui
920 973 963 1006 de
980 973 1050 1006 illis
1067 973 1253 1012 tradidere,
1272 973 1366 1007 hunc
1383 974 1489 1008 etiam
1507 975 1674 1007 extulere.

295 1028 398 1062 Joan.
418 1028 552 1062 Molan.
571 1028 757 1063 Addition.
775 1029 931 1063 Usuardi
949 1029 1005 1062 die
1023 1038 1062 1062 X.
1081 1029 1277 1072 Septembr.
1297 1034 1317 1049 “
1330 1029 1366 1063 S.
1386 1030 1523 1075 Otgeri,
1542 1029 1676 1064 confes-

295 1085 384 1119 soris
414 1091 450 1118 et
475 1085 624 1124 diaconi,
654 1085 716 1128 qui
748 1096 792 1118 ex
824 1085 1014 1119 Britannia
1042 1096 1156 1118 comes
1187 1086 1480 1130 peregrinationis
1511 1086 1581 1120 fuit
1613 1085 1675 1119 SS.

295 1141 467 1185 episcopis
496 1141 638 1176 Wironi
669 1146 703 1175 et
730 1141 940 1181 Plechelmo,
967 1146 1072 1185 atque
1098 1145 1177 1184 post
1202 1143 1316 1175 multa
1341 1142 1483 1186 pietatis
1509 1142 1676 1176 exercitia

294 1199 513 1241 sepulturam
543 1198 675 1242 accepit
702 1198 739 1231 in
766 1199 910 1232 ecclesia
931 1198 1067 1232 Montis
1099 1197 1198 1231 Petri
1219 1198 1327 1242 juxta
1357 1198 1677 1232 Ruraemondam.''

293 1253 362 1288 Est
374 1254 531 1299 ejusdem
543 1254 642 1288 urbis
653 1259 835 1297 patronus,
849 1259 884 1288 et
897 1256 1046 1289 tutelare
1058 1264 1201 1288 numen.
1228 1254 1379 1289 Aubert.
1392 1254 1549 1289 Miraeus
1560 1254 1620 1288 lib.
1635 1254 1677 1288 de

295 1310 427 1356 Colleg.
447 1310 655 1345 Canonicor.
674 1322 750 1355 cap.
766 1319 865 1344 Lvn.
902 1310 1089 1345 Strenuam
1105 1321 1247 1354 operam
1261 1311 1472 1354 plantandae
1484 1312 1522 1344 in
1534 1310 1678 1345 Germa-

293 1367 353 1401 nia
383 1366 462 1401 fidei
492 1378 572 1401 cum
602 1366 665 1401 SS.
696 1367 892 1406 Bonifacio,
924 1366 1141 1406 willibaldo,
1174 1366 1417 1407 Willibrordo,
1448 1367 1675 1407 Wunibaldo,

293 1423 388 1457 Acca
407 1424 566 1468 aliisque,
584 1424 742 1458 navavit.
793 1423 838 1457 B.
859 1423 1055 1457 Marcellin.
1078 1423 1117 1456 in
1143 1422 1229 1456 Vita
1254 1423 1289 1456 S.
1315 1422 1470 1458 Suiberti
1496 1434 1570 1468 cap.
1590 1433 1675 1457 XIV.

292 1479 441 1524 Scripsit

440 1536 512 1570 Pro
529 1535 672 1581 Synodo
690 1535 901 1570 Germanica
1225 1536 1285 1569 lib.
1305 1545 1330 1569 1.

340 1592 480 1627 Floruit
497 1604 590 1626 anno
610 1601 791 1626 DCCLvn.
842 1591 874 1625 E
897 1591 1013 1626 Scotia
1033 1591 1184 1625 Romam
1209 1592 1315 1626 ivisse
1333 1592 1424 1625 idem
1443 1592 1608 1627 Molanus
1626 1594 1675 1627 af-

292 1649 447 1683 firmavit
468 1649 630 1683 Indiculo
655 1649 717 1683 SS.
745 1649 862 1695 Belgii
888 1660 964 1693 cap.
992 1656 1138 1682 LXXVI.
1164 1653 1198 1682 et
1224 1648 1262 1681 in
1288 1647 1464 1683 Chronico
1484 1650 1673 1683 eorundem

291 1717 371 1752 pag.
393 1714 571 1740 LXXXIX.

820 1819 856 1853 S.
883 1818 1035 1853 ODDA.
1063 1821 1146 1857 971.

290 1931 326 1965 S.
347 1932 479 1971 ODDA,
497 1932 739 1966 sanctissimae
756 1932 850 1966 vitae
865 1931 979 1976 virgo,
994 1930 1150 1976 Eugenii
1162 1930 1207 1965 V.
1225 1930 1410 1965 Scotorum
1423 1931 1516 1977 regis
1530 1931 1611 1972 filia,
1626 1932 1669 1965 de

289 1999 360 2032 qua
378 1988 467 2022 nihil
484 1993 667 2033 praeterea
684 1988 837 2032 comperi
855 1987 924 2021 nisi
942 1988 1036 2031 quod
1053 1987 1329 2021 sanctimonialis
1355 1987 1448 2022 facta
1473 1998 1552 2021 cum
1570 1998 1669 2022 caeca

289 2045 424 2085 fuisset,
443 2045 559 2079 visum
577 2046 759 2079 oculorum
775 2044 918 2088 recepit.
970 2043 1098 2077 Petrus
1118 2043 1338 2078 Transianus
1356 2043 1565 2078 Bastidaeus
1580 2054 1589 2077 :

586 2115 718 2154 Impurus
732 2114 832 2144 mundi
847 2114 942 2143 sordes
955 2114 1004 2142 vix
1019 2118 1085 2141 ante
1098 2112 1223 2147 videbas,

624 2161 710 2190 Nunc
724 2166 829 2195 tamen,
845 2160 940 2193 Odda,
954 2159 1043 2193 vides,
1057 2164 1087 2188 et
1101 2169 1235 2197 generosa
1249 2159 1333 2198 fugis.

585 2207 722 2236 Consulto
735 2207 808 2236 male
822 2212 906 2236 acuta
920 2206 1003 2234 Deus
1016 2205 1072 2234 duo
1086 2205 1194 2234 lumina
1207 2205 1299 2239 credo,

622 2254 665 2283 Ut
678 2254 794 2283 meliora
808 2253 861 2282 tibi
874 2252 1015 2286 redderet,
1030 2251 1195 2280 abstulerat.

333 2328 426 2362 Acta
438 2327 468 2373 ej
474 2338 515 2361 us
528 2327 666 2372 plenius
684 2327 721 2360 in
735 2325 1005 2364 Scofichronico,
1019 2329 1054 2359 et
1067 2325 1162 2369 apud
1174 2323 1386 2358 monachum
1400 2323 1638 2359 Paslatensem
1652 2336 1662 2365 ;

285 2384 344 2418 sed
373 2385 457 2429 quia
484 2395 572 2428 opus
599 2383 748 2418 Joannis
779 2382 914 2417 Molaui
941 2382 984 2416 de
1014 2381 1202 2415 Natalibus
1230 2380 1291 2415 SS.
1325 2380 1441 2428 Belgii
1471 2381 1508 2415 in
1537 2392 1663 2416 manus

937 2440 959 2472 2
977 2448 1005 2472 A
