2060 2848
366 335 429 366 412
759 334 990 368 HISTORIA
1015 335 1386 368 ECCLESIASTICA

369 430 503 464 socium
520 429 630 464 fuisse
647 430 714 464 sub
734 441 869 464 annum
889 438 1096 464 CCCCXLII.

817 544 853 578 S.
882 544 1189 579 KENNOTHA.
1242 547 1324 582 758.

371 660 405 694 S.
434 661 677 695 KENNOTHA
704 660 806 706 virgo
832 671 963 706 magna
987 659 1058 693 fuit
1084 659 1178 693 vitae
1204 659 1428 693 innocentia:
1460 659 1763 693 sanctimonialem

334 730 345 734 ·’
368 717 540 752 Brechini
559 722 723 752 censetur
747 717 917 757 induisse,
942 721 975 751 et
1001 716 1085 750 viva
1109 716 1348 761 defunctaque
1372 717 1625 751 miraculorum
1652 716 1766 762 gloria

370 775 480 809 fulsit.

417 832 555 866 Claruit
577 843 669 866 anno
695 840 801 865 Mvn.
855 832 1007 875 Templa
1032 831 1075 871 ei,
1102 835 1138 864 et
1163 841 1245 864 arae
1271 831 1309 864 in
1336 831 1466 871 Scotia,
1492 831 1625 876 ubique
1652 831 1765 876 regni,

370 894 495 923 erecta.
547 889 688 923 Colitur
705 889 762 923 die
781 898 873 923 XIII.
893 888 1032 922 Martii.
1088 888 1249 922 Breviar.
1269 887 1363 923 Scot.

824 1004 860 1038 S.
889 1001 1176 1037 KENNEIRA.
1229 1005 1312 1041 759.

367 1120 402 1153 S.
436 1120 668 1154 KENNEIRA
697 1119 812 1165 virgo,
842 1118 1066 1153 nobilissima
1096 1118 1243 1159 familia,
1273 1123 1319 1159 et,
1351 1123 1393 1153 ut
1423 1119 1605 1153 nonnullis
1636 1119 1766 1158 visum,

367 1178 465 1223 regio
499 1177 673 1223 sanguine
707 1182 796 1217 orta,
832 1180 913 1221 post
955 1177 1097 1210 solenne
1141 1176 1362 1222 virginitatis
1406 1177 1600 1211 servandae
1641 1181 1765 1210 votum

366 1235 402 1268 S.
422 1234 574 1269 Ursulae
598 1246 635 1268 se
656 1234 793 1280 junxit,
817 1245 959 1278 unaque
983 1245 1063 1267 cum
1089 1243 1146 1267 XI.
1172 1234 1330 1268 millibus
1356 1234 1540 1280 virginum
1565 1233 1765 1268 Romanam

366 1292 685 1338 peregrinationem
721 1291 887 1335 suscepit,
922 1295 957 1324 et
993 1291 1108 1324 Roma
1143 1291 1293 1331 rediens,
1336 1290 1504 1325 Coloniae
1539 1291 1584 1325 ab
1620 1290 1765 1325 Hunnis

367 1355 444 1383 tum
463 1349 634 1389 obsessae,
653 1360 733 1383 cum
751 1350 789 1382 in
815 1353 937 1382 sancto
961 1354 1203 1392 perseveraret
1228 1348 1424 1393 proposit0‚
1451 1349 1625 1393 martyrio
1651 1348 1766 1382 confe-

367 1412 433 1447 cta,
452 1407 564 1440 vitam
582 1406 740 1440 futuram
760 1406 887 1450 adepta
912 1410 975 1439 est.
1029 1405 1087 1439 Ita
1110 1406 1280 1440 historiae
1305 1410 1493 1445 nostrates,
1518 1410 1554 1440 et
1580 1405 1768 1440 conformi-

366 1471 422 1498 ter
444 1463 635 1498 Elizabeth
659 1463 948 1503 sanctimonialis,
976 1474 1067 1507 quae
1093 1464 1308 1497 revelatione
1335 1464 1458 1497 edocta
1483 1468 1537 1497 est
1563 1464 1616 1498 ita
1638 1474 1714 1497 rem
1732 1475 1767 1497 se

366 1522 495 1556 habere
538 1533 631 1555 anno
675 1529 819 1555 MCLVI.
863 1525 905 1554 ut
947 1520 1055 1555 refert
1094 1521 1273 1555 Robertus
1308 1520 1621 1555 Altissiodorensis
1656 1521 1767 1555 Chro-

367 1581 434 1614 nic.
454 1591 535 1625 pag.
556 1589 659 1613 an.
699 1579 791 1613 Vide
808 1578 869 1612 lib.
889 1587 978 1612 XIX.
994 1578 1088 1612 infra
1102 1579 1138 1611 in
1161 1576 1310 1612 Ursula.
1364 1577 1514 1618 Delirat,
1533 1589 1631 1612 more
1648 1579 1765 1624 gentis

368 1649 463 1677 suae,
486 1637 688 1671 Richardus
712 1636 821 1670 Vitus
848 1636 908 1670 lib.
938 1644 1009 1669 VII.
1039 1635 1178 1670 Histor.
1206 1635 1347 1670 Britan.
1374 1646 1455 1681 pag.
1484 1644 1595 1669 XCIV.
1623 1636 1684 1680 qui
1712 1636 1768 1669 vir

368 1695 429 1728 vix
448 1695 539 1728 tanti
558 1698 622 1734 est,
640 1698 682 1728 ut
699 1694 874 1727 nominari
895 1694 933 1726 in
953 1693 1045 1726 serio
1070 1704 1174 1738 opere
1198 1693 1334 1727 debeat.
1388 1692 1448 1726 Ad
1473 1693 1559 1726 haec
1581 1692 1768 1739 Wolfgan-

367 1764 435 1798 gus
466 1752 599 1786 Lazius
632 1758 667 1785 et
697 1752 757 1785 alii
787 1750 990 1786 Germanici
1018 1751 1208 1796 scriptores
1242 1751 1459 1791 consulendi,
1491 1754 1632 1795 praeter
1656 1750 1767 1784 histo-

369 1810 470 1844 ricos.

418 1866 519 1901 Obiit
537 1878 618 1900 cum
636 1867 739 1901 sociis
758 1878 852 1901 anno
870 1875 1008 1900 CDLIV.
1053 1865 1194 1901 Colitur
1207 1866 1333 1901 celebri
1348 1867 1466 1913 gentis
1481 1877 1664 1906 concursu,
1679 1871 1766 1900 tem-

369 1925 437 1969 plis
464 1924 551 1964 Deo,
583 1924 649 1958 sub
674 1924 769 1958 illius
794 1924 911 1970 gentis
940 1925 982 1970 [1.
1006 1923 1181 1970 nominis]
1209 1925 1444 1964 invocatione,
1471 1924 1607 1964 erectis,
1634 1928 1669 1957 et
1695 1923 1766 1957 aris

370 1983 501 2027 ubique
518 1982 620 2028 regni
639 1982 820 2022 dedicatis,
839 1982 895 2016 die
913 1990 1034 2015 XXIX.
1054 1981 1231 2016 Octobris.
1285 1981 1448 2015 Breviar.
1468 1980 1561 2015 Scot.

715 2096 776 2131 SS.
805 2095 1115 2131 KOLDINGAM
1120 2095 1191 2130 EN
1192 2095 1290 2130 SES.
1344 2095 1426 2134 760.

371 2214 432 2247 SS.
464 2213 670 2247 VmGINEs
702 2212 1034 2258 Koldingamenses,
1070 2223 1150 2246 cum
1186 2212 1487 2246 debaccharentur
1521 2211 1616 2245 Dani
1651 2211 1767 2246 libidi-

371 2270 560 2309 nosissimi,
579 2271 783 2314 exemplum
808 2269 844 2304 S.
865 2269 989 2304 Ebbae
1014 2270 1213 2304 abbatissae
1237 2274 1390 2310 secutae,
1412 2269 1552 2303 labrum
1576 2269 1643 2303 sibi
1665 2280 1768 2313 supe-

372 2327 446 2361 rius
465 2331 707 2370 amputarunt,
731 2332 773 2361 ut
790 2326 998 2361 deformitas
1017 2327 1164 2371 pudoris
1182 2332 1301 2361 custos
1318 2338 1393 2361 esse
1411 2331 1530 2371 posset
1545 2336 1554 2366 ;
1580 2326 1641 2360 sed
1659 2325 1765 2366 Dani,

372 2384 586 2417 contumelia
610 2385 756 2423 accensi,
787 2384 869 2429 igne
898 2384 1031 2430 injecto
1055 2385 1312 2419 monasterium
1338 2394 1418 2418 cum
1446 2384 1576 2418 sanctis
1603 2383 1767 2418 omnibus

371 2441 655 2489 absumpserunt.
699 2440 790 2476 Vide
808 2453 917 2487 supra
936 2442 996 2478 lib.
1018 2451 1055 2476 v.
1076 2442 1114 2476 in
1131 2439 1172 2476 S.
1192 2439 1312 2476 Ebha.
1357 2440 1506 2486 Hymno
1523 2441 1677 2488 eleganti
1696 2440 1769 2476 Ita-
