2118 2854
330 320 393 349 :352
711 318 943 350 HISTORIA
968 317 1344 350 ECCLESIASTICA

333 413 400 447 cati
419 414 576 447 sedulam
595 424 737 457 operam
755 413 800 446 ad
817 413 978 457 gentium
1005 412 1297 445 Germanicarum
1323 413 1588 447 conversionem
1616 425 1724 448 nava-

332 475 439 511 runt3
459 471 546 504 alios
560 471 654 504 enim
669 481 785 504 secum
804 474 947 503 sanctus
965 470 1023 502 ille
1041 469 1155 508 duxit,
1175 470 1272 507 alios,
1289 468 1424 502 Romae
1437 471 1622 505 ordinatus
1638 477 1673 505 et
1688 472 1723 504 in

334 528 485 562 Frisiam
505 539 525 562 a
550 527 723 573 Gregorio
742 527 791 561 ΙΙ.
816 538 897 560 cum
922 527 1113 571 apostolica
1137 526 1349 559 auctoritate
1373 527 1583 567 destinatus,
1610 529 1727 572 patria

333 586 376 619 ad
395 597 431 619 se
449 586 596 619 accivit:
624 585 668 618 ab
691 585 813 618 eodem
831 585 1016 628 episcopus
1044 583 1284 628 Frisingensis
1311 584 1561 630 inauguratus,
1588 586 1726 630 primus

332 643 427 676 illius
446 643 537 676 sedis
555 643 703 676 antistes
721 642 801 681 fuit,
821 653 951 687 magna
968 641 1110 685 pietatis
1129 641 1411 685 eruditionisque
1425 642 1603 686 opinione.
1649 643 1724 677 Me-

332 700 437 733 minit
455 699 478 733 J
480 711 558 734 oan.
579 699 800 733 Trithemius
818 699 878 733 lib.
895 707 948 732 IV.
968 699 1010 732 de
1028 697 1107 732 Vir.
1129 697 1327 731 illustribus
1343 697 1469 733 Ordin.
1485 698 1520 732 S.
1538 699 1723 734 Benedicti

332 768 406 801 cap.
427 766 566 792 CCXXI.
620 756 771 800 Scripsit
1571 748 1573 750 ¹

479 814 661 858 Epistolas
680 814 724 847 ad
742 813 969 847 Bonifacium
1224 813 1284 846 lib.
1306 822 1330 846 1.

478 871 695 905 Officiarium
715 882 798 904 suae
816 870 996 905 Ecclesiae
1223 870 1283 904 lib.
1305 880 1329 904 Ι.

381 929 521 963 Floruit
539 940 632 962 anno
651 937 864 962 DCCLxxx.

606 1042 920 1077 FRANCISCUS
949 1042 1305 1078 HAMILTONUS.
1360 1043 1442 1082 669.

331 1160 587 1193 FRANCISCUS
620 1159 863 1198 Hamiltonus,
892 1157 1076 1192 Scotorum
1114 1158 1158 1192 D.
1186 1159 1310 1194 Jacobi
1341 1160 1493 1206 Majoris
1524 1162 1561 1194 in
1598 1161 1724 1195 subur-

331 1217 388 1251 bio
421 1216 696 1260 Herbipolitano
727 1217 846 1256 abbas,
879 1216 935 1249 vir
960 1216 1041 1260 pius
1072 1221 1107 1250 et
1134 1217 1310 1258 literatus,
1343 1229 1474 1263 magno
1502 1219 1622 1252 labore
1653 1230 1724 1252 mo-

329 1274 525 1308 nasterium
568 1275 668 1314 illud,
712 1273 826 1307 Scotis
867 1271 1071 1317 ademptum
1116 1286 1180 1318 per
1221 1274 1459 1309 Laurentium
1507 1276 1722 1320 episcopum,

330 1332 524 1366 Orientalis
560 1332 733 1365 Franciae
768 1332 905 1370 ducem,
949 1336 984 1365 et
1027 1331 1160 1365 bullam
1195 1331 1394 1366 Alexandri
1429 1332 1493 1367 VI.
1534 1333 1722 1377 pontificis,

328 1391 365 1423 in
409 1389 589 1423 Teutones
628 1389 711 1433 jure
756 1389 850 1421 illius
894 1389 1104 1422 transmisso
1147 1400 1240 1422 anno
1285 1398 1492 1424 MCDXCIX.
1537 1390 1722 1424 Scotorum

330 1447 465 1481 nationi
497 1447 627 1480 iterum
667 1444 880 1492 [restituit]‚
912 1446 1122 1480 concedente
1153 1446 1398 1480 illustrissimo
1425 1447 1524 1481 Julio
1560 1448 1724 1491 episcopo

332 1504 594 1549 Herbipolensi,
629 1504 875 1548 praesentibus
911 1504 1074 1537 ecclesiae
1105 1504 1318 1538 cathedralis
1349 1505 1538 1544 canonicis,
1569 1516 1724 1549 quorum

330 1563 541 1596 liberalitate
572 1562 769 1595 Embricho
801 1562 986 1605 episcopus
1018 1561 1106 1594 illud
1142 1562 1226 1595 olim
1263 1561 1432 1595 fundarat
1467 1573 1559 1595 anno
1594 1571 1721 1595 MCXL.

331 1620 480 1664 Scripsit

481 1677 687 1711 Orationem
724 1677 766 1710 de
802 1675 1071 1710 Reformatione
1115 1676 1327 1710 Monasterii
1363 1676 1550 1710 Scotorum
1591 1676 1723 1711 Herbi-

526 1735 676 1779 politani
728 1734 789 1768 lib.
810 1743 835 1766 1.
890 1733 1026 1767 Habita
1043 1738 1097 1768 est
1115 1725 1232 1767 coram
1251 1733 1275 1767 J
1277 1734 1350 1768 ulio
1368 1734 1543 1778 episcopo,
1563 1734 1722 1779 principe

528 1792 724 1826 Orientalis
744 1791 927 1831 Franciae,
957 1796 992 1825 et
1018 1792 1164 1825 caeteris
1185 1791 1442 1835 optimatibus;
1470 1792 1605 1836 prodiit
1631 1792 1723 1826 Her-

528 1849 648 1893 bipoli.
693 1848 716 1882 J
718 1860 849 1882 oannes
863 1848 1035 1889 Busaeus,
1048 1848 1123 1883 Soc.
1137 1848 1160 1882 J
1162 1860 1224 1882 esu
1240 1849 1436 1893 presbyter,
1451 1849 1489 1882 in
1502 1850 1722 1894 praefatione

528 1908 572 1941 ad
591 1919 698 1951 opera
715 1906 920 1940 Trithemii.

479 1965 719 1999 Controversa
737 1964 839 1997 Fidei
859 1963 999 2008 Capita,
1018 1969 1053 1997 et
1071 1964 1140 1997 alia
1158 1965 1283 2004 multa,
1302 1975 1392 2008 quae
1411 1966 1631 2008 posteritatis
1651 1976 1723 1999 me-

525 2022 677 2056 moriam
695 2026 879 2056 merentur
894 2031 902 2061 3
931 2021 993 2055 sed
1011 2032 1076 2068 ego
1094 2033 1166 2055 non
1184 2022 1270 2055 vidi.

381 2080 521 2115 Floruit
540 2091 633 2114 anno
654 2088 813 2113 MDXCV.

648 2193 881 2228 JOANNES
909 2194 1262 2229 HAMILTONUS.
1317 2194 1400 2232 670.

329 2310 522 2343 JOANNES
560 2309 802 2349 Hamiltonus,
846 2310 880 2343 S.
917 2309 1083 2344 Andreae
1118 2310 1413 2354 archiepiscopus,
1450 2310 1562 2344 frater
1596 2310 1719 2344 Jacobi

330 2367 505 2401 Arraniae
523 2367 674 2406 comitis,
693 2371 727 2400 et
750 2367 849 2401 ducis
868 2367 987 2401 Castri
1015 2367 1175 2406 Heraldi,
1201 2368 1295 2411 quod
1322 2368 1497 2413 religiosis
1522 2373 1613 2402 esset
1640 2368 1721 2402 sub-

330 2425 430 2464 sidio,
461 2424 673 2470 reginaeque
704 2424 917 2470 dignitatem
951 2429 1095 2458 strenue
1126 2429 1298 2465 tueretur,
1337 2436 1357 2458 a
1392 2425 1632 2469 perduellibus
1669 2437 1720 2459 re-
