2060 2848
299 278 365 311 672
641 304 645 310 .
679 276 914 311 HISTORIA
938 276 1314 310 ECCLESIASTICA

637 429 880 466 MICHAEL
906 429 1218 465 WALLASIUS.
1273 430 1382 464 1205.

314 546 515 582 MICHAEL
534 546 730 581 Wallasius
748 547 806 581 vir
822 545 894 581 fuit
911 546 1073 580 eruditus
1092 545 1226 580 Graece
1243 549 1279 579 et
1296 544 1439 579 Latine.
1492 543 1642 589 Scripsit

460 604 515 638 De
553 604 765 639 Pulveraria
799 603 1058 649 Conjuratione
1096 604 1159 638 lib.
1197 612 1223 637 1.
1256 603 1425 643 carmine,
1462 613 1539 636 rem
1575 606 1716 647 porten-

511 663 581 696 tosi
598 662 752 706 exempli
771 661 925 707 eleganti
943 671 1036 696 vena
1052 660 1299 695 cohonestans.

361 720 464 755 Vivit
482 720 608 760 adhuc,
627 719 745 753 nescio
763 718 826 753 ubi
843 719 1012 752 locorum.

609 833 774 869 DAVID
799 832 1030 868 UDUARD.
1084 831 1194 867 1206.

609 949 940 985 ALEXANDER
964 947 1357 985 WEDDERBURN.
1410 950 1516 986 1207.

611 1064 913 1101 GULIELMUS
938 1063 1154 1100 VALLAS.
1208 1066 1316 1100 1208.

608 1179 885 1216 ROBERTUS
911 1179 1100 1215 WILKY.
1154 1182 1260 1218 1209.

312 1299 409 1335 Vim
427 1303 512 1334 sunt
528 1297 718 1333 literatura
735 1296 906 1343 insignes,
932 1300 967 1330 et
991 1296 1149 1341 plurima
1171 1295 1309 1343 ingenii
1332 1296 1389 1331 sui
1414 1300 1647 1331 monumenta
1672 1297 1717 1331 ad

312 1362 474 1403 posteros
491 1356 794 1396 transmiserunt3
822 1354 884 1388 sed
901 1354 993 1388 nihil
1011 1354 1056 1388 ad
1073 1365 1131 1388 me
1148 1354 1304 1395 devenit,
1324 1354 1394 1389 nisi

459 1413 735 1460 Epigrammata
761 1417 796 1447 et
820 1411 993 1447 Poemata
1019 1412 1057 1446 in
1081 1411 1194 1459 Regis
1218 1412 1262 1446 ad
1288 1410 1522 1461 Scotosjsuos
1546 1411 1718 1447 Reditum

509 1471 570 1506 lib.
591 1480 616 1506 1.
668 1470 900 1516 Edimburgi.

636 1569 854 1604 THOMAS
879 1568 1240 1605 DEMPSTERUS.
1294 1572 1400 1605 1210.

312 1646 492 1680 THOMAS
518 1644 766 1689 Dempsterus,
792 1644 904 1690 hujus
930 1645 1047 1689 operis
1073 1649 1208 1685 auctor,
1238 1649 1346 1679 natus
1372 1649 1427 1679 est
1458 1655 1542 1679 rure
1568 1648 1717 1689 paterno

314 1704 486 1751 Cliftbog,
509 1714 576 1738 avo
598 1702 738 1737 Joanne
760 1702 963 1747 superstite,
989 1707 1098 1747 partu
1121 1702 1320 1749 tergemino
1346 1702 1543 1749 vigesimus
1566 1706 1717 1747 quartus

315 1774 333 1796 e
362 1762 484 1796 liberis
519 1760 652 1806 viginti
683 1771 813 1794 novem
844 1771 934 1804 quos
964 1771 1009 1794 ex
1038 1771 1112 1794 una
1145 1770 1258 1794 uxore
1291 1763 1395 1804 pater
1429 1760 1588 1800 sustulit,
1624 1770 1718 1794 anno

316 1827 535 1854 MDLXXIX.
562 1818 641 1863 ipso
667 1817 858 1863 pervigilio
884 1817 931 1851 D.
959 1817 1251 1860 Bartholomaei3
1285 1828 1358 1862 quo
1387 1817 1445 1852 die
1476 1817 1589 1852 veluti
1616 1816 1718 1852 fatali

315 1877 470 1922 patriam
487 1875 656 1915 deseruit,
674 1876 833 1909 lauream
853 1875 890 1908 in
904 1875 988 1921 jure
1006 1875 1212 1910 doctoratus
1231 1881 1284 1909 est
1302 1879 1498 1916 assecutus,
1518 1875 1717 1909 academiae

314 1933 552 1970 Nemausensi
579 1933 768 1978 ascriptus,
794 1932 947 1967 difficilis
975 1932 1127 1967 Tolosae
1153 1933 1229 1968 litis
1256 1933 1395 1968 exitum
1420 1937 1585 1978 optatum
1611 1933 1717 1968 sorti-

315 1998 386 2033 tus,
409 1992 551 2026 demum
576 1991 795 2025 serenissimi
821 1990 944 2038 magni
972 1989 1167 2025 Hetruriae
1194 1990 1293 2025 ducis
1316 1990 1525 2026 academicis
1547 2002 1717 2026 annume-

314 2054 413 2084 ratus
432 2049 586 2084 Pisanis.

365 2107 511 2142 Patrem
529 2106 656 2141 habuit
674 2106 854 2141 Thomam
871 2105 1042 2141 baronem
1063 2106 1107 2141 de
1130 2106 1293 2146 Muresk,
1313 2105 1513 2149 Achterles,
1532 2111 1569 2143 et
1587 2106 1715 2142 Killes-

316 2170 429 2206 mont,
447 2165 595 2201 Banfiae
622 2176 662 2199 ac
684 2164 924 2210 Buquhaniae
948 2175 1160 2211 proregem3
1188 2169 1340 2200 matrem
1363 2164 1495 2199 Janam
1517 2164 1713 2204 Leslaeam,

316 2223 461 2258 baronis
512 2223 742 2264 Balchoniae,
798 2222 1006 2257 irenarchae
1064 2221 1343 2264 Aberdonensis,
1394 2233 1578 2263 sororem3
1624 2223 1714 2257 *avi-

317 2292 374 2317 am
417 2285 602 2326 paternam
645 2279 862 2316 Eleonoram
909 2280 1029 2315 ultimi
1077 2291 1121 2315 ex
1170 2279 1328 2315 Stuartis
1375 2279 1613 2326 Buquhaniae
1659 2290 1714 2314 co-

319 2339 419 2374 mitis
470 2337 592 2380 filiam,
643 2343 842 2373 maternam
893 2337 1127 2375 catharinam
1178 2337 1347 2374 Forbassi
1398 2338 1615 2374 vicecomitis
1661 2347 1717 2372 so-
