2060 2848
411 324 474 354 438
804 320 1036 353 HISTORIA
1061 319 1433 352 ECCLESIASTICA

756 414 917 453 Aequivoei
931 414 1033 443 dextro
1047 412 1198 442 substituit
1212 412 1306 441 lateri.

466 473 648 507 Feruntur
666 476 700 506 et
719 472 788 506 alia
806 473 978 516 quaedam
998 471 1186 505 Laurentii
1204 470 1317 504 nostri
1342 470 1379 503 in
1406 469 1618 504 bibliotheca
1640 470 1814 505 Vaticana

417 530 602 569 asservari,
622 534 668 569 et,
686 534 727 563 ut
746 530 923 570 existimo,
944 530 1040 563 illius
1059 533 1112 563 est

563 586 619 620 De
636 585 739 620 Actis
759 585 924 632 Gregorii
942 585 988 620 V.
1309 584 1369 618 lib.
1390 594 1416 619 Ι.

465 644 605 678 Claruit
623 655 716 678 anno
735 652 893 677 cmxcv.

764 756 980 791 THOMAS
1007 756 1337 791 LEIRMONTH.
1391 759 1474 790 810.

418 874 596 907 THOMAS
615 871 841 912 Leirmonth,
857 876 1092 917 cognomento
1104 872 1246 917 vulgari
1258 871 1499 916 Rhythmicus
1514 873 1724 916 appellatus,
1739 874 1812 906 sive

419 930 655 970 Versificator,
692 929 933 963 nobilissimae
967 928 1124 962 familiae
1157 930 1333 973 princeps,
1377 940 1417 962 ac
1457 929 1636 973 toparcha,
1679 930 1813 975 insigni

415 989 524 1023 fuisse
550 987 760 1032 perhibetur
784 987 908 1021 futura
925 987 1149 1030 praedicendi
1176 987 1344 1021 scientia:
1371 987 1466 1020 inter
1491 987 1560 1020 alia
1586 988 1814 1022 memorabile

415 1047 503 1080 illud
528 1045 599 1080 fuit
626 1045 836 1079 vaticinium
863 1045 905 1078 de
932 1049 1046 1078 morte
1069 1043 1268 1079 Alexandri
1291 1044 1360 1078 III.
1387 1046 1493 1091 regis,
1520 1044 1694 1079 referente
1722 1045 1814 1080 Hec—

414 1110 490 1139 tore
511 1103 663 1137 Boethio
681 1103 741 1136 lib.
763 1111 856 1136 X111.
876 1102 1014 1136 Histor.
1035 1101 1128 1136 Scot.
1148 1103 1193 1136 ad
1211 1102 1328 1138 finem.
1381 1102 1527 1136 Celebre
1545 1107 1598 1137 est
1617 1103 1813 1137 etiamnum

416 1163 521 1197 hodie
539 1161 633 1205 apud
651 1165 828 1194 nostrates
847 1171 987 1201 nomen,
1008 1165 1043 1194 et
1062 1160 1160 1205 viget
1178 1159 1325 1194 familia.
1378 1159 1528 1204 Scripsit

562 1218 617 1252 De
634 1218 758 1252 futuro
776 1217 913 1252 Scotiae
931 1217 1036 1252 Statu
1311 1217 1371 1251 lib.
1393 1226 1417 1251 1.

563 1276 769 1321 Rhythmos
788 1277 996 1310 vernaculos
1310 1275 1370 1309 lib.
1391 1283 1415 1308 1.

466 1333 633 1368 Florebat
651 1344 743 1366 anno
764 1342 1018 1367 MCCLXXXII.

810 1447 1139 1482 ALEXANDER
1165 1446 1279 1482 LEO.
1335 1449 1418 1483 811.

416 1566 689 1599 ALEXANDER
708 1564 782 1598 Leo
801 1575 845 1597 ex
863 1563 1083 1597 nobilissima
1100 1562 1247 1603 familia,
1273 1575 1363 1607 quae
1388 1564 1562 1609 originem
1589 1564 1696 1598 habet
1722 1566 1812 1598 circa

415 1635 548 1657 annum
582 1630 828 1656 MCCLXXXV.
862 1625 1005 1654 auctore
1035 1620 1185 1661 Joanne,
1217 1622 1278 1666 qui
1311 1621 1460 1655 Roberti
1496 1621 1605 1655 Bruis
1639 1623 1733 1668 regis
1769 1634 1811 1657 ex

417 1680 629 1714 Elizabetha
646 1684 760 1713 matre
779 1679 905 1723 regina
930 1678 1038 1711 filiam
1066 1679 1156 1712 clam
1183 1684 1382 1722 stupratam
1409 1679 1446 1712 in
1473 1690 1621 1713 uxorem
1648 1681 1810 1720 duxerat,

417 1749 591 1783 agrosque
610 1736 784 1770 Glammis
804 1736 840 1769 in
859 1736 976 1769 dotem
996 1747 1014 1769 e
1038 1736 1136 1781 regio
1162 1736 1245 1770 fisco
1272 1741 1467 1781 acceperat,
1494 1742 1535 1770 ut
1561 1743 1682 1772 narrat
1706 1738 1810 1772 Hect.

418 1794 544 1829 Boeth.
564 1794 624 1828 lib.
646 1803 731 1827 XVI.
758 1793 941 1827 Historiae
960 1792 1053 1827 Scot.
1072 1804 1153 1839 pag.
1174 1802 1371 1828 cccxxlx.
1424 1794 1512 1828 Fuit
1530 1805 1574 1828 ex
1593 1795 1658 1829 hac
1676 1795 1813 1829 familia

417 1852 621 1886 Alexander
647 1856 777 1891 noster,
805 1851 868 1895 qui
894 1850 1061 1885 Lutetiae
1087 1851 1308 1886 Parisiorum
1335 1852 1459 1886 didicit
1486 1852 1594 1886 bonas
1621 1857 1726 1893 artes;
1754 1854 1812 1887 do-

417 1912 571 1954 cuitque,
615 1909 854 1943 Moraviensis
890 1909 1064 1949 ecclesiae,
1106 1921 1178 1953 qua
1211 1911 1320 1949 nulla,
1363 1910 1535 1955 religione
1570 1915 1633 1944 aut
1667 1910 1811 1950 fabrica,

417 1968 615 2014 augustior,
645 1972 779 2006 cantor,
811 1967 867 2000 vir
898 1966 1089 2012 singularis
1117 1967 1264 2013 ingenii.
1327 1967 1477 2012 Scripsit
1506 1969 1630 2008 multa,
1659 1969 1720 2002 sed
1747 1980 1812 2014 ego

417 2030 557 2060 tantum
576 2025 650 2058 vidi

566 2081 832 2115 Praefationem
865 2092 971 2125 super
1005 2080 1170 2116 Historia
1198 2083 1315 2126 patria
1351 2083 1396 2116 ad
1431 2082 1665 2118 Nobilitatem
1701 2083 1811 2117 Scoti-

615 2150 693 2172 cam
1310 2141 1371 2175 lib.
1392 2150 1416 2174 1.

466 2197 621 2231 Vivebat
640 2196 799 2237 Parisiis,
818 2198 912 2230 clara
929 2196 1063 2242 ingenii
1083 2197 1189 2237 fama,
1208 2209 1302 2232 anno
1321 2206 1521 2232 MDXXVII.

762 2293 987 2329 JACOssUS
1014 2294 1322 2330 LAINGAEUS.
1377 2299 1461 2331 812.

418 2369 440 2402 J
444 2377 598 2402 ACOBUS
617 2369 832 2415 Laingaeus,
850 2374 956 2404 natus
974 2370 1012 2404 in
1030 2369 1228 2410 Aehterles,
1253 2371 1468 2405 hereditario
1487 2371 1661 2406 baronatu
1679 2372 1811 2417 Demp-

418 2432 593 2461 sterorum
634 2427 850 2467 Mureskiae,
890 2428 1012 2462 doctor
1047 2427 1256 2474 theologiae,
1296 2428 1411 2462 socius
1455 2427 1679 2469 sorbonicus,
1719 2441 1811 2464 acer-
