2060 2848
374 288 438 319 640
756 287 987 322 HISTORIA
1011 287 1382 322 ECCLESIASTICA

373 384 507 424 literae,
525 387 561 418 et
577 394 650 418 una
667 394 748 418 cum
765 384 843 430 ejus
860 385 1031 430 leguntur
1048 384 1218 429 epistolis,
1245 384 1375 429 quibus
1402 384 1461 418 ille
1478 383 1604 419 Scotus
1624 385 1766 426 dicitur,

374 441 481 476 etiam
508 441 748 476 sacratissimo
774 441 810 476 S.
830 441 1021 476 Zachariae
1046 442 1229 486 rescripto.
1282 442 1437 476 Marian.
1464 441 1590 477 Scotus
1617 443 1678 477 lib.
1707 453 1768 477 111.

373 499 579 533 Chronicor.
607 499 652 533 ad
670 510 804 534 annum
823 508 1026 533 Deexmn.
1054 503 1075 518 “
1093 498 1258 543 Epistola
1281 499 1471 534 Zachariae
1494 510 1607 544 papae
1630 501 1675 534 ad
1699 500 1770 535 Bo-

373 556 543 591 nifacium
561 556 718 597 Scotum,
737 557 1054 603 Moguntinensem
1072 556 1414 601 archiepiscopum;‘'
1438 562 1480 592 ut
1497 558 1587 592 nulli
1605 558 1769 602 deinceps

373 614 560 649 dubitandi
578 616 675 649 locus
693 615 918 660 relinquatur
941 614 984 648 de
1007 618 1125 660 gente.
1177 614 1351 648 Adelmus
1376 614 1630 649 Benedictinus
1655 615 1768 649 Fran-

374 683 444 705 cor.
464 671 554 718 Reg.
573 671 743 706 Annalib.
763 672 808 706 ad
832 682 966 706 annum
991 679 1157 705 DCCLIV.
1209 670 1370 715 Scripsit,
1388 675 1529 716 praeter
1545 683 1586 706 ea
1603 684 1695 717 quae
1712 684 1771 706 su-

373 740 437 773 pra
454 729 515 763 lib.
535 738 578 763 11.
597 729 700 773 posui
718 729 786 762 hoc
803 739 919 772 opere,

521 785 839 824 consultationem,
857 796 904 818 an
922 783 1162 830 Trajectensis
1180 783 1341 818 Ecclesia
1357 784 1434 819 sine
1451 785 1568 819 medio
1585 787 1630 820 ad
1643 786 1769 821 Sedem

570 840 816 887 Apostolicam
841 841 1046 886 pertineret,
1071 842 1133 876 lib.
1161 850 1186 875 1.
1235 840 1366 875 Joann.
1393 853 1414 875 a
1440 841 1535 877 Beca
1564 843 1602 877 in
1630 843 1769 879 Hister.

570 892 1015 943 veterum'Episcoporum'
1026 898 1284 945 Ultrajectinae
1301 898 1413 939 Sedis,
1427 903 1463 934 et
1481 899 1663 935 Comitum
1683 901 1772 936 Hol-

568 958 719 997 landiae,
745 967 827 1003 pag.
856 965 913 990 Ix.
970 955 1139 990 Meminit
1165 960 1201 991 et
1225 955 1441 991 Anastasius
1472 956 1771 993 Bibliothecarius

574 1016 613 1049 in
630 1014 805 1060 Gregorio
822 1013 872 1048 11.
891 1024 972 1059 pag.
992 1022 1087 1047 xcv.
1263 1018 1266 1020 “

422 1075 516 1121 Ejus
547 1074 671 1113 vitam,
701 1076 843 1117 praeter
873 1070 909 1105 S.
940 1070 1189 1105 Willibaldum
1221 1071 1437 1116 episcopum,
1474 1077 1510 1107 et
1543 1073 1770 1118 discipulum,

304 1144 308 1148 ’
374 1134 546 1177 scripsere
564 1130 692 1171 multi3
712 1140 913 1174 anonymus
934 1129 1030 1173 apud
1047 1128 1193 1163 Surium
1211 1133 1297 1163 tom.
1318 1138 1378 1162 111.
1403 1129 1460 1164 die
1478 1138 1516 1164 v,
1534 1129 1558 1164 J
1561 1131 1649 1170 unii,
1667 1131 1772 1166 Vice-

376 1192 450 1224 rius
470 1190 508 1223 in
535 1187 764 1235 Hagiologio.
818 1186 1042 1226 Ruthafflus,
1066 1186 1262 1230 discipulus
1288 1185 1429 1220 Rabani
1447 1186 1568 1221 Mauri
1586 1192 1622 1222 et
1639 1187 1772 1229 Strabi,

377 1248 577 1292 passionem
613 1245 649 1279 S.
683 1243 861 1279 Bonifacii
895 1243 1148 1288 archiepiscopi
1178 1243 1319 1278 heroico
1349 1244 1505 1277 carmine
1534 1245 1770 1288 pulcherrime

375 1305 513 1340 duobus
541 1303 641 1338 libris
669 1301 867 1346 descripsit,
897 1301 948 1335 ait
974 1299 1131 1335 Joannes
1160 1300 1338 1335 Trithem.
1365 1300 1499 1335 Chron.
1528 1300 1700 1349 Hirsaug.
1727 1305 1771 1337 ad

372 1374 506 1398 annum
525 1369 744 1396 Dceewa.

423 1421 630 1465 Antequam
658 1417 1000 1462 archiepiscopatum
1028 1416 1342 1462 Moguntinensem
1374 1417 1668 1458 administrasset,
1700 1419 1770 1454 fuit

375 1477 614 1524 Trajectensis
626 1477 823 1521 episcopus.
866 1474 996 1509 Joann.
1013 1474 1148 1508 Molan.
1160 1473 1347 1509 Addition.
1363 1474 1520 1509 Usuardi
1533 1475 1591 1510 die
1605 1484 1644 1510 V.
1656 1475 1679 1509 J
1682 1477 1771 1516 unii,

375 1537 531 1570 Joannes
550 1534 654 1574 Beca,
673 1538 708 1568 et
725 1532 942 1567 Wilhelmus
962 1531 1067 1566 Heda
1083 1532 1122 1565 in
1140 1531 1281 1566 Histor.
1302 1531 1422 1577 Episc.
1442 1531 1661 1579 Trajectens.

693 1647 729 1681 S.
757 1646 1119 1681 WILLIBALDUS
1144 1646 1223 1682 ΑΡ.
1251 1646 1296 1681 Ε.
1352 1649 1459 1681 1158.

376 1768 412 1801 S.
441 1766 757 1804 WiLLIBALDUS‚
789 1763 984 1808 discipulus
1013 1762 1049 1796 S.
1078 1762 1271 1803 Winfredi,
1302 1775 1342 1797 ac
1374 1763 1612 1809 coepiscopus,
1642 1770 1683 1799 ut
1714 1777 1772 1799 su-

376 1836 441 1869 pra
471 1825 508 1857 in
539 1834 580 1857 eo
609 1826 663 1856 est
693 1825 887 1861 ostensum,
918 1820 954 1854 S.
985 1819 1162 1854 Bonifacii
1193 1821 1353 1867 ejusdem
1378 1819 1685 1867 comprovincialis
1711 1834 1772 1857 vo-

376 1888 478 1917 catur
507 1880 552 1915 ab
583 1879 793 1913 Hermanno
823 1878 1017 1912 Contracto
1047 1878 1085 1911 in
1116 1877 1293 1912 Chronico
1321 1878 1366 1912 ad
1403 1889 1538 1912 annum
1576 1887 1770 1914 DCCXLvi.

376 1939 528 1974 Arnold.
555 1937 725 1971 Mirman.
753 1935 912 1970 Theatro
930 1935 1100 1970 Convers.
1120 1934 1302 1970 Gentium.
1328 1941 1349 1956 ‘⁶
1375 1935 1545 1981 Episcopi
1572 1935 1668 1971 Scoti
1694 1939 1771 1971 uni-

377 1997 489 2031 versis
526 1995 659 2040 passim
694 2005 758 2039 per
794 1993 1005 2028 Germanias
1047 1993 1200 2028 ecclesiis
1238 1993 1434 2038 praefuere,
1470 1993 1700 2029 Willibaldus
1736 2001 1770 2029 et

377 2053 631 2088 winnibaldus
661 2049 797 2086 Scoti.’'
852 2051 910 2085 Jo.
939 2050 1079 2085 Frisius
1107 2051 1330 2085 Bibliotheca
1358 2051 1658 2096 Philosophorum
1688 2064 1770 2099 pag.

378 2120 595 2146 Decccxvl.
636 2114 658 2130 “
682 2109 923 2147 Willibaldus.
946 2109 1090 2143 natione
1120 2108 1258 2149 scotus,
1293 2109 1477 2154 episcopus
1516 2109 1653 2153 primus
1690 2109 1771 2144 Eis-

378 2169 556 2205 tetensis.”
608 2167 769 2214 Anglum
793 2166 880 2201 facit
905 2166 1037 2211 impius
1063 2166 1228 2207 Balaeus,
1253 2170 1296 2201 ut
1325 2167 1426 2207 solet,
1454 2167 1554 2201 nullo
1584 2178 1777 2214 argumen-·

332 2255 339 2260 .
379 2233 426 2266 to,
462 2235 504 2261 ut
539 2231 575 2260 et
601 2225 793 2259 maledicus
820 2224 1011 2264 Lelandus,
1042 2231 1078 2258 et
1108 2224 1372 2259 indoctissimus
1401 2223 1635 2270 CapgraviuS.
1693 2225 1772 2259 Fri-

380 2286 471 2318 sium
515 2283 684 2317 Germani
727 2283 958 2323 contendunt,
1001 2286 1037 2316 et
1078 2282 1116 2315 in
1156 2281 1212 2315 his
1247 2281 1432 2316 Arnoldus
1473 2281 1595 2316 Uvion
1633 2282 1693 2317 lib.
1730 2292 1772 2316 11.

382 2342 488 2387 Lign.
512 2340 619 2375 Vitae
642 2351 717 2385 cap.
748 2348 916 2375 xxxvn.
943 2339 1005 2385 qui
1034 2338 1264 2374 Casinensem
1291 2339 1377 2374 facit
1397 2339 1621 2380 monachum,
1642 2339 1679 2374 S.
1704 2339 1774 2374 Bo-
