2060 2848
362 336 425 368 368
753 334 985 368 HISTORIA
1009 334 1382 367 ECCLESIASTICA

515 431 571 465 De
589 429 867 464 Murthlacensis
887 429 986 464 Sedis
1006 429 1257 463 Translatione
1405 429 1466 463 lib.
1487 438 1511 462 1.

514 487 638 523 Vitam
657 486 693 521 S.
713 487 865 521 Palladii
883 486 1049 532 Apostoli
1408 487 1469 521 lib.
1491 497 1514 520 1.

417 546 556 581 Claruit
575 557 668 580 anno
689 553 883 578 Manxn.

726 658 1006 694 EDUARDUS
1033 658 1264 693 HUENSIS.
1319 657 1402 696 696.

370 777 599 811 EDUARDUS
615 775 784 815 Huensis,
798 775 897 819 prior
910 774 1164 808 Benedictinus
1178 774 1315 814 Scotus,
1331 774 1478 808 concilio
1493 774 1759 809 Constantiensi

370 846 450 869 cum
469 834 610 867 Thoma
627 832 882 866 Dundranensi
899 829 1075 870 interfuit,
1095 835 1130 865 et
1147 831 1292 875 scripsit

516 890 571 923 De
589 889 738 923 Concilii
756 888 859 922 Bono
1259 888 1320 922 lib.
1342 896 1367 921 Ι.

419 947 518 982 Obiit
537 958 630 981 anno
649 954 826 980 MCDXLI.
879 945 1037 979 Brunus.

748 1059 1004 1095 NICOLAUS
1031 1059 1252 1095 HARTUS.
1307 1059 1389 1099 697.

369 1180 582 1214 NICOLAUS
602 1178 751 1218 Hartus,
769 1176 1035 1222 protonotarius
1054 1177 1280 1220 apostolicus,
1299 1178 1444 1212 natione
1471 1178 1606 1218 Scotus,
1635 1181 1685 1213 rei
1713 1193 1765 1213 ec-

371 1237 583 1281 clesiasticae
618 1235 814 1270 indefessus
850 1238 1038 1274 scrutator,
1078 1234 1248 1268 laudatur
1281 1246 1303 1268 a
1337 1235 1508 1270 Marcello
1542 1236 1763 1281 Corcyreusi.

368 1295 517 1340 Scripsit

517 1350 779 1386 Caeremoniale
1263 1349 1324 1383 lib.
1345 1359 1369 1384 1.

415 1410 544 1445 Annus
562 1410 729 1443 incertus.

800 1522 963 1557 DAVID
991 1521 1195 1556 HERRIS.
1249 1522 1331 1561 698.

372 1643 510 1677 DAVID
543 1641 681 1681 Herris,
714 1639 825 1674 nobili
856 1639 932 1673 loco
962 1637 1146 1679 oriunduS,
1176 1639 1367 1683 toparchae
1395 1641 1513 1686 gentis
1542 1642 1658 1676 adfuit
1684 1653 1763 1676 cum

372 1699 526 1735 Eboraci
544 1699 725 1744 piissimae
749 1709 789 1731 ac
807 1696 1134 1730 Christianissimae
1160 1695 1321 1742 Reginae
1348 1697 1486 1732 Mariae
1512 1709 1618 1733 causa
1644 1706 1766 1734 contu-

370 1759 524 1797 meliose,
543 1768 583 1790 ac
600 1767 740 1790 summa
757 1755 795 1788 in
812 1754 941 1794 Deum,
961 1754 999 1787 in
1016 1753 1176 1787 homines
1195 1754 1340 1799 injuria,
1359 1756 1572 1791 examinata.
1617 1756 1765 1802 Scripsit

374 1817 418 1851 ad
435 1815 459 1849 J
461 1826 611 1850 oannem
629 1813 818 1847 Leslaeum
837 1812 1053 1856 episcopum,
1071 1822 1137 1857 ego
1155 1823 1244 1856 opus
1263 1813 1348 1853 vidi,

519 1872 574 1906 De
591 1872 685 1906 bona
702 1870 862 1916 Reginae
880 1868 997 1903 Causa
1248 1870 1308 1904 lib.
1329 1880 1354 1904 1.

520 1929 680 1976 Regibus
699 1928 736 1961 in
755 1928 872 1973 Reges
886 1927 948 1973 jus
966 1938 1038 1961 non
1056 1938 1141 1968 esse,
1252 1928 1313 1962 lib.
1335 1938 1359 1963 1.
1388 1928 1513 1964 Tacite
1525 1929 1765 1965 Buchananus

567 1987 727 2032 perditus
746 1986 895 2019 mordet.

422 2046 563 2082 Floruit
581 2055 674 2079 anno
695 2052 859 2077 MDLXX.
912 2043 1013 2077 Obiit
1030 2042 1068 2076 in
1086 2042 1298 2078 Germaniis.

855 2158 1140 2194 HIMBANUS.
1193 2158 1276 2198 699.

374 2278 601 2311 HIMBANUS
619 2276 823 2315 monachus,
842 2275 940 2309 curio
958 2274 994 2309 S.
1014 2275 1245 2322 Makkessagi
1264 2276 1302 2309 in
1320 2275 1484 2316 Levinia‚
1509 2277 1584 2310 loco
1602 2278 1663 2321 qui
1682 2278 1766 2311 dici-

374 2341 434 2370 tur
452 2334 611 2369 Ecclesia
633 2333 760 2367 Portus
784 2345 893 2378 prope
918 2333 1082 2367 Menteth
1107 2334 1327 2373 comitatum,
1353 2333 1479 2367 deinde
1505 2334 1549 2367 ad
1567 2336 1765 2378 paroeciam

373 2393 410 2426 S.
429 2392 567 2426 Ernani
594 2392 787 2425 translatus
814 2392 851 2424 in
877 2390 1048 2436 Argadia,
1077 2392 1138 2435 qui
1165 2392 1261 2425 locus
1289 2393 1397 2438 vulgo
1423 2403 1445 2426 a
1471 2393 1584 2426 sancti
1611 2393 1766 2428 incolatu

374 2450 515 2484 Killern
534 2449 644 2483 audit.
697 2447 856 2493 Scripsit,
875 2446 972 2493 apud
990 2448 1206 2488 Ferrerium,
