2060 2848
690 326 865 359 GENTIS
889 326 1164 365 SCOTORUM,
1189 327 1278 358 LIB.
1302 326 1385 358 XII.
1672 326 1735 358 473

341 422 515 457 laboraret
540 420 754 465 dysenteria,
778 420 989 454 miraculose
1015 421 1060 454 ab
1085 421 1207 454 eodem
1234 424 1355 454 sancto
1381 424 1538 460 sanatus,
1565 420 1731 454 coenobia

340 479 495 512 maxima
504 477 722 511 continentia
730 477 1009 511 administravit.
1038 477 1168 511 Petrus
1179 477 1240 510 lib.
1253 485 1293 510 x.
1305 487 1380 521 cap.
1395 485 1531 510 XXVH.
1558 476 1724 510 Eundem

340 540 460 569 autem
477 534 572 567 hunc
590 533 700 567 fuisse
717 534 779 578 qui
797 545 818 567 a
833 533 1010 567 Malachia
1027 534 1207 574 liberatus,
1226 534 1301 567 vita
1318 534 1431 578 ipsius
1455 534 1551 578 apud
1569 534 1727 568 continu-

338 596 472 626 atorem
491 591 651 625 Forduni
669 591 830 635 loquitur
847 601 928 636 pag.
948 599 1114 624 cDXCIV.
1133 595 1168 624 et
1185 601 1241 624 res
1260 595 1356 624 nota.

387 648 527 683 Claruit
543 659 636 682 anno
655 657 805 682 MCXX1.
858 647 998 682 Colitur
1016 657 1122 682 XIIX.
1142 648 1368 682 Novembris.

807 762 843 797 S.
870 761 1127 797 MODESTA.
1181 765 1226 801 89
1232 761 1265 797 6.

338 879 373 913 S.
401 879 606 912 MODESTA
636 877 751 918 Scota,
782 889 883 912 soror
911 878 946 912 S.
974 876 1209 917 Willibrordi,
1235 879 1389 922 patriam
1415 879 1590 918 deserens,
1616 877 1726 912 fratre

338 941 496 976 vocante,
536 935 670 969 invicto
705 935 824 968 animo
859 935 1043 980 evangelio
1083 935 1266 975 militavit,
1309 936 1486 970 abbatissa
1520 935 1726 970 monasterii

338 993 574 1032 Trevirensis,
593 992 687 1037 quod
707 992 887 1026 Horreum
905 992 1050 1031 dicunt;
1077 991 1116 1025 in
1133 1003 1204 1036 quo
1221 993 1394 1039 regimine
1419 994 1586 1027 successit
1609 993 1645 1027 S.
1673 993 1727 1027 Ir-

337 1051 454 1084 minae
479 1050 573 1095 regis
600 1049 796 1082 Galliarum
824 1048 1020 1093 Dagoberti
1047 1048 1149 1083 filiae.
1201 1049 1295 1084 Acta
1316 1050 1478 1084 ecclesiae
1496 1051 1602 1089 illius,
1628 1055 1664 1083 et
1681 1060 1725 1083 ex

337 1108 407 1141 illis
437 1107 639 1140 Chronicon
665 1105 872 1139 Chronicor.
902 1105 1051 1138 Joannis
1083 1105 1258 1140 Gualterii
1289 1118 1370 1153 pag.
1403 1115 1610 1140 MCDXLIX.
1645 1106 1727 1141 Sco-

337 1169 411 1198 tam
443 1164 591 1208 probavi
621 1163 683 1197 lib.
714 1171 804 1196 xlx.
837 1162 932 1196 infra
962 1163 1030 1203 hic,
1061 1174 1144 1197 nam
1175 1163 1430 1198 WVillibrordus
1461 1163 1571 1198 frater
1601 1163 1726 1198 Scotus

338 1227 425 1256 erat.

386 1278 554 1313 Florebat
571 1289 664 1312 anno
683 1285 831 1312 DCCXL.
884 1277 1024 1312 Colitur
1044 1287 1097 1312 IV.
1117 1278 1342 1313 Novembris.

744 1391 780 1425 S.
808 1391 1178 1428 MOTTOMAGUS.
1232 1396 1315 1432 897.

337 1508 371 1542 S.
390 1508 685 1542 MOTTOMAGUS
703 1506 841 1546 Scotus‚
859 1518 980 1541 eorum
998 1519 1103 1549 unus,
1130 1509 1203 1553 qui,
1223 1509 1398 1555 dignitate
1421 1508 1609 1552 episcopali
1627 1520 1727 1553 prae-

337 1568 415 1608 diti,
435 1569 557 1601 lumen
579 1567 659 1600 fidei
686 1567 730 1600 ad
755 1571 905 1607 exteras,
934 1571 969 1601 et
994 1567 1181 1611 praecipue
1207 1565 1434 1600 Germanicas
1460 1570 1581 1611 gentes
1607 1571 1727 1609 pertu-

337 1626 431 1664 lere;
460 1625 502 1659 de
521 1635 592 1669 quo
611 1624 701 1658 nihil
719 1624 815 1657 aliud
841 1625 924 1664 scio,
949 1625 1019 1658 nisi
1045 1625 1162 1668 ipsum
1180 1623 1218 1657 in
1236 1623 1497 1669 Martyrologio
1515 1622 1724 1657 Germaniae

336 1681 530 1715 Canisiano
547 1681 613 1715 coli
631 1682 688 1715 die
707 1690 813 1714 X11x.
834 1680 935 1715 Maii.
988 1681 1046 1715 Tu
1066 1682 1175 1715 lector
1192 1680 1250 1714 adi
1268 1681 1313 1715 ad
1331 1691 1431 1725 opus.

386 1738 516 1772 Annus
535 1739 630 1783 apud
646 1750 703 1772 me
721 1739 889 1772 incertus.

846 1852 882 1886 S.
911 1852 1072 1886 MOOH.
1126 1855 1207 1890 898.

337 1967 372 2001 S.
401 1967 538 2007 ΜΟΟΗ,
565 1967 672 2001 abbas
697 1967 880 2013 regularis,
909 1967 1004 2000 vitae
1031 1967 1313 2006 callentissimus,
1342 1968 1526 2001 literarum
1553 1968 1726 2001 humana-

338 2036 417 2058 rum
446 2024 582 2064 doctus,
613 2028 659 2063 et,
689 2024 782 2068 quod
813 2024 933 2057 omnia
963 2024 1047 2057 haec
1077 2028 1232 2068 superat,
1263 2024 1477 2058 sanctissimi
1508 2025 1619 2068 patris
1647 2035 1726 2059 nos-

338 2082 385 2116 tri
404 2081 587 2114 Brandani
606 2081 787 2126 magister,
805 2085 846 2113 ut
864 2081 939 2114 vita
956 2081 1032 2126 ejus
1050 2081 1221 2124 loquitur.
1271 2081 1341 2114 Hic
1357 2081 1494 2125 primus
1512 2082 1726 2116 nostratium

338 2139 531 2172 meditatus
560 2137 714 2171 hominis
746 2138 852 2181 primi
883 2137 1098 2177 felicitatem,
1130 2138 1214 2172 dum
1246 2139 1283 2171 in
1314 2143 1412 2172 statu
1441 2138 1662 2172 innocentiae
1688 2139 1725 2172 in

338 2195 510 2229 Paradiso
540 2195 699 2228 terrestri
731 2199 861 2240 ageret,
897 2195 1022 2228 deinde
1056 2195 1214 2240 ejusdem
1248 2195 1405 2239 parentis
1439 2196 1552 2229 nostri
1586 2197 1726 2240 lapsum

338 2252 524 2291 infelicem,
560 2256 595 2285 et
628 2252 756 2295 quibus
792 2252 927 2285 artibus
963 2257 1035 2285 tam
1071 2252 1263 2286 miserabili
1298 2253 1491 2286 conditioni
1525 2253 1728 2287 humanita-

337 2311 384 2345 tis
409 2309 551 2343 obviam
578 2309 622 2342 iri
646 2313 790 2352 posset3
818 2309 947 2342 idcirco
972 2319 1051 2342 eum
1072 2308 1281 2344 Paradisum
1309 2314 1511 2344 terrestrem
1537 2311 1725 2350 invenisse,

338 2368 501 2405 intrasse,
520 2366 756 2409 descripsisse,
775 2365 843 2399 sibi
867 2366 1010 2399 credula
1031 2370 1128 2400 aetas
1155 2366 1376 2411 ignorantiae
1402 2367 1516 2400 mixta
1540 2367 1726 2411 persuasit,

338 2422 467 2457 Petrus
499 2423 559 2457 lib.
592 2431 629 2455 v.
661 2422 824 2469 Catalogi
852 2433 928 2468 cap.
962 2431 1109 2457 cxvnI.
1141 2422 1230 2458 falso
1259 2435 1354 2465 sane,
1387 2435 1470 2458 nam
1500 2429 1581 2468 post
1606 2424 1727 2468 depul-
