2060 2848
351 322 415 354 866
733 319 966 354 HISTORIA
990 318 1366 352 ECCLESIASTICA

357 417 453 451 bium
472 417 577 457 dicta,
597 428 619 451 a
636 415 748 451 Gallis
766 414 905 450 Bursa:
933 415 1089 449 instante
1107 414 1254 448 meridie
1273 414 1316 447 ad
1337 413 1529 457 prandium
1547 415 1579 448 ei
1597 416 1751 455 condixi,

356 475 416 508 sed
434 475 493 509 ille
510 475 603 509 laeto
621 480 656 509 et
674 474 843 508 renitenti
858 474 975 513 vultu,
995 477 1016 492 ‘⁶
1027 471 1310 511 Conditionem,”
1324 471 1455 515 inquit,
1476 472 1664 517 “accipere
1679 485 1751 507 non

354 543 511 576 possum,
541 536 664 566 teneor
690 531 785 565 enim
809 535 1030 565 sacramento
1054 529 1187 563 nullius
1211 539 1371 573 unquam
1395 528 1465 562 nisi
1490 539 1587 563 meas
1612 541 1752 565 mensas

356 590 557 630 aditurum3
577 590 639 623 sed
657 590 687 624 si
705 600 778 623 non
796 589 864 622 erit
883 588 947 622 tibi
965 588 1160 634 ingratum,
1179 586 1412 630 hospitiolum
1430 597 1550 620 meum
1565 587 1603 621 in
1621 588 1753 623 vicinia

357 652 421 688 est,
440 658 523 692 quo,
541 647 571 681 si
586 648 712 691 placet,
726 645 992 681 concedamus.’'
1035 644 1068 679 E
1085 644 1237 690 vestigio
1251 644 1353 677 illum
1367 648 1521 685 secutus,
1536 645 1700 680 venimus
1715 647 1753 680 in

357 705 588 751 gurgustium
614 705 796 744 illiberale,
828 708 863 737 et
893 704 968 747 ipse
996 703 1085 737 mihi
1114 703 1236 736 sellam
1261 701 1435 735 humilem
1461 706 1497 736 et
1522 703 1752 738 stramineam

355 762 525 807 porrexit,
554 767 600 802 et,
630 766 672 796 ut
701 762 870 801 sederem,
899 761 1091 801 invitavit3
1121 761 1196 804 ipse
1227 760 1295 794 sibi
1325 759 1467 793 cadurci
1493 760 1684 795 titubantis
1714 774 1753 796 ac

355 820 447 854 male
465 819 558 853 firmi
576 819 749 864 spondam
769 819 974 862 assumpsit,
1001 823 1079 852 tum
1105 818 1151 852 ad
1174 828 1231 851 me
1254 821 1400 861 stupore
1426 817 1582 851 defixum
1609 830 1753 854 conver-

355 888 426 918 sus,
448 881 470 896 ‘⁶
482 876 582 910 Haec
595 888 673 910 mea
685 876 801 915 sunt,‘'
814 875 945 920 inquit,
961 880 982 895 “
995 882 1030 910 et
1045 879 1098 910 est
1111 876 1181 910 ista
1195 875 1294 909 sedes
1309 875 1484 909 senectuti
1498 880 1534 909 et
1547 875 1642 910 hisce
1656 878 1753 912 canis

353 938 535 969 reservata
548 934 576 968 :⁹³
594 933 786 978 explicavit
804 933 930 967 deinde
949 934 1097 968 mantile
1116 933 1302 973 rusticum,
1321 944 1361 966 ac
1378 943 1422 966 ex
1440 933 1618 977 parietina
1631 936 1754 969 arcula

353 992 503 1037 protulit
514 1003 641 1036 panem
654 991 850 1025 secundum
862 995 897 1024 et
909 1001 1008 1035 cepe:
1029 997 1051 1011 “
1063 991 1162 1026 Haec
1174 991 1291 1031 sunt,’'
1302 991 1364 1031 ait,
1378 995 1399 1010 “
1411 990 1546 1025 fercula
1558 992 1689 1036 quibus
1704 998 1750 1034 te,

353 1055 388 1084 et
407 1060 528 1083 carum
546 1054 582 1083 et
600 1053 756 1083 veterem
775 1048 941 1088 amicum,
962 1050 1117 1094 accipio;
1143 1060 1215 1083 non
1233 1049 1318 1093 quia
1335 1053 1377 1082 tu
1394 1049 1464 1082 alia
1482 1060 1554 1083 non
1572 1051 1752 1091 merearis,

353 1108 414 1142 sed
432 1118 497 1154 ego
515 1107 662 1142 meliora
679 1117 752 1140 non
770 1106 894 1139 habeo.
941 1106 1010 1140 His
1028 1118 1094 1153 ego
1111 1107 1236 1141 multis
1249 1107 1327 1151 jam
1346 1106 1450 1140 annis
1468 1107 1564 1141 vitae
1582 1108 1752 1153 reliquias

352 1165 535 1210 protraho,
564 1169 600 1198 et
624 1168 710 1198 sunt
733 1175 817 1210 sane
835 1163 995 1198 dulciora
1020 1175 1128 1209 quam
1155 1169 1366 1210 magnatum
1392 1174 1536 1198 mensae
1563 1166 1754 1209 parasitica

353 1227 429 1257 arte
458 1222 698 1257 conciliatae.”
750 1221 839 1255 Post
869 1221 956 1255 haec
984 1223 1153 1263 surrexit,
1185 1227 1219 1256 et
1247 1233 1377 1266 aquam
1408 1221 1508 1256 fictili
1539 1228 1752 1268 exemptam,

352 1281 478 1325 poculo
499 1278 622 1325 fagino
645 1279 878 1324 propinavit:
905 1289 977 1313 non
1003 1279 1118 1314 refero
1144 1280 1292 1325 reliqua,
1321 1290 1412 1324 quae
1439 1279 1498 1313 ille
1519 1280 1613 1314 mira
1630 1282 1753 1315 vultus

354 1338 532 1384 gravitate
562 1338 726 1382 protulit,
758 1341 794 1371 et
820 1348 886 1383 ego
913 1337 1073 1371 intentus
1100 1349 1172 1372 non
1198 1337 1274 1371 sine
1300 1337 1468 1382 lacrymis
1495 1339 1627 1383 excepi.
1681 1339 1753 1379 Qui

352 1396 440 1441 legit
457 1394 553 1434 haec,
578 1394 763 1428 clarissimi
790 1394 860 1428 viri
887 1395 1096 1428 memoriam
1122 1406 1261 1429 mecum
1288 1394 1490 1435 honorabit,
1516 1399 1551 1429 et
1578 1401 1754 1440 quantum

353 1452 537 1497 iniquitati
555 1456 758 1497 temporum
783 1453 822 1486 in
848 1452 1023 1486 virtutem
1049 1452 1164 1493 liceat,
1188 1463 1309 1487 secum
1335 1453 1542 1497 perpendet,
1569 1458 1605 1488 et
1629 1454 1753 1488 mirari

353 1511 490 1545 desinet
515 1510 669 1545 Socratis
696 1510 963 1555 parsimoniam,
990 1514 1053 1544 aut
1079 1509 1237 1555 Epicuri
1256 1510 1525 1545 abstinentiam.
1578 1510 1754 1546 Pecunias

354 1568 491 1613 aliquot
508 1568 627 1602 mutui
645 1568 788 1602 nomine
807 1568 964 1613 accipere
982 1569 1173 1609 recusavit,
1198 1568 1295 1613 quod
1318 1579 1355 1602 se
1379 1569 1550 1602 solvendo
1568 1580 1754 1614 nunquam

354 1625 519 1661 futurum
537 1637 621 1670 prae
638 1625 804 1660 fortunae
822 1626 1015 1661 acerbitate
1033 1626 1267 1673 intelligeret;
1286 1625 1380 1661 dono
1395 1631 1516 1662 tamen
1529 1627 1666 1672 aliquas
1685 1628 1753 1662 sibi

356 1684 498 1719 concedi
516 1694 642 1729 passus
662 1688 727 1717 est.

819 1798 1156 1835 HUMFREDUS.
1207 1799 1291 1839 691.

357 1915 634 1956 HUMFREDUS,
664 1916 859 1951 monachus
887 1916 1013 1957 Italus,
1044 1917 1083 1951 in
1113 1915 1233 1951 Scotia
1258 1916 1304 1951 ad
1330 1915 1367 1951 S.
1393 1915 1560 1951 Andreae
1587 1918 1755 1962 reliquias

357 1973 620 2007 devenerandas
650 1974 760 2014 venit,
789 1978 824 2008 et
852 1975 1025 2015 substitit,
1052 1975 1090 2009 in
1116 1975 1279 2019 prioratu
1305 1974 1465 2021 ejusdem
1492 1976 1606 2010 sancti
1633 1987 1755 2010 curam

357 2031 518 2077 adethS,
539 2032 772 2076 cellariusque
791 2031 917 2066 factus.
971 2032 1132 2077 Scripsit,

506 2087 566 2123 Ad
586 2089 784 2124 Henricum
802 2089 999 2132 Wardlaw,
1017 2090 1218 2125 Historiam
1235 2090 1436 2137 Pignorum
1451 2091 1666 2126 sanctissimi
1680 2091 1755 2126 An-

555 2147 658 2181 dreae
1252 2148 1315 2183 lib.
1336 2157 1362 2183 Ι.

408 2203 511 2239 Vixit
529 2216 622 2239 anno
642 2213 863 2240 Menxxxv.

849 2304 1127 2340 HONORIUS.
1182 2304 1264 2343 692.

362 2381 382 2396 “
401 2376 620 2411 HONORIUS
638 2376 803 2419 Pisanus,
821 2379 1090 2414 archidiaconus
1109 2380 1350 2422 Laudoniae‚’'
1377 2380 1429 2415 ait
1454 2380 1541 2416 Vita
1567 2381 1603 2416 S.
1623 2381 1754 2423 Filani,

361 2439 382 2455 “
400 2433 435 2469 S.
456 2435 747 2476 conversationis,
767 2437 948 2471 ecclesiam
970 2436 1038 2471 Dei
1065 2438 1207 2483 scriptis
1234 2438 1308 2473 suis
1334 2438 1485 2484 adjuvit,
1509 2439 1672 2475 haereses
1696 2452 1757 2485 op-
