<?xml version="1.0" encoding="UTF-8"?>
<!DOCTYPE html PUBLIC "-//W3C//DTD XHTML 1.0 Transitional//EN"
    "http://www.w3.org/TR/xhtml1/DTD/xhtml1-transitional.dtd">
<html xmlns="http://www.w3.org/1999/xhtml" xml:lang="en" lang="en">
 <head>
  <title>
</title>
<meta http-equiv="Content-Type" content="text/html;charset=utf-8" />
  <meta name='ocr-system' content='tesseract 3.04.00' />
  <meta name='ocr-capabilities' content='ocr_page ocr_carea ocr_par ocr_line ocrx_word'/>
</head>
<body>
  <div class='ocr_page' id='page_1' title='image "./thomaedempster2102dempuoft_0135.png"; bbox 0 0 2060 2848; ppageno 0'>
   <div class='ocr_carea' id='block_1_1' title="bbox 657 307 1704 346">
    <p class='ocr_par' dir='ltr' id='par_1_1' title="bbox 657 307 1704 346">
     <span class='ocr_line' id='line_1_1' title="bbox 657 307 1704 346; baseline -0.002 -5"><span class='ocrx_word' id='word_1_1' title='bbox 657 308 833 341; x_wconf 86' lang='lat' dir='ltr'><strong>GENTIS</strong></span> <span class='ocrx_word' id='word_1_2' title='bbox 857 307 1134 346; x_wconf 87' lang='lat' dir='ltr'>SCOTORUM,</span> <span class='ocrx_word' id='word_1_3' title='bbox 1161 308 1248 341; x_wconf 90' lang='lat' dir='ltr'><strong>LIB.</strong></span> <span class='ocrx_word' id='word_1_4' title='bbox 1275 310 1357 343; x_wconf 80' lang='lat' dir='ltr'>XII.</span> <span class='ocrx_word' id='word_1_5' title='bbox 1642 308 1704 339; x_wconf 79' lang='lat'>465</span> 
     </span>
    </p>
   </div>
   <div class='ocr_carea' id='block_1_2' title="bbox 788 449 1239 488">
    <p class='ocr_par' dir='ltr' id='par_1_2' title="bbox 788 449 1239 488">
     <span class='ocr_line' id='line_1_2' title="bbox 788 449 1239 488; baseline 0 -3"><span class='ocrx_word' id='word_1_6' title='bbox 788 451 823 485; x_wconf 78' lang='lat' dir='ltr'>S.</span> <span class='ocrx_word' id='word_1_7' title='bbox 851 450 1104 485; x_wconf 88' lang='lat' dir='ltr'><strong>MADOCUS.</strong></span> <span class='ocrx_word' id='word_1_8' title='bbox 1157 449 1239 488; x_wconf 88' lang='lat'><strong>876.</strong></span> 
     </span>
    </p>
   </div>
   <div class='ocr_carea' id='block_1_3' title="bbox 312 565 1702 1129">
    <p class='ocr_par' dir='ltr' id='par_1_3' title="bbox 313 565 1702 1013">
     <span class='ocr_line' id='line_1_3' title="bbox 315 565 1699 612; baseline 0 -10"><span class='ocrx_word' id='word_1_9' title='bbox 315 568 352 602; x_wconf 89' lang='lat' dir='ltr'>S.</span> <span class='ocrx_word' id='word_1_10' title='bbox 381 567 583 602; x_wconf 85' lang='lat' dir='ltr'>MADOCUS</span> <span class='ocrx_word' id='word_1_11' title='bbox 607 567 717 601; x_wconf 90' lang='lat' dir='ltr'>nobili</span> <span class='ocrx_word' id='word_1_12' title='bbox 745 571 845 601; x_wconf 88' lang='lat' dir='ltr'>ortus</span> <span class='ocrx_word' id='word_1_13' title='bbox 871 566 1017 606; x_wconf 88' lang='lat' dir='ltr'>familia,</span> <span class='ocrx_word' id='word_1_14' title='bbox 1044 565 1080 599; x_wconf 88' lang='lat' dir='ltr'>S.</span> <span class='ocrx_word' id='word_1_15' title='bbox 1099 565 1242 600; x_wconf 92' lang='lat' dir='ltr'>Winoci</span> <span class='ocrx_word' id='word_1_16' title='bbox 1269 565 1364 601; x_wconf 87' lang='lat' dir='ltr'>Scoti</span> <span class='ocrx_word' id='word_1_17' title='bbox 1391 578 1434 600; x_wconf 88' lang='lat' dir='ltr'>ex</span> <span class='ocrx_word' id='word_1_18' title='bbox 1459 567 1576 611; x_wconf 87' lang='lat' dir='ltr'>patria</span> <span class='ocrx_word' id='word_1_19' title='bbox 1602 579 1699 612; x_wconf 90' lang='lat' dir='ltr'>pere—</span> 
     </span>
     <span class='ocr_line' id='line_1_4' title="bbox 313 623 1700 670; baseline 0 -11"><span class='ocrx_word' id='word_1_20' title='bbox 313 625 527 670; x_wconf 87' lang='lat' dir='ltr'>grinationis</span> <span class='ocrx_word' id='word_1_21' title='bbox 557 625 683 665; x_wconf 88' lang='lat' dir='ltr'>socius,</span> <span class='ocrx_word' id='word_1_22' title='bbox 713 629 748 658; x_wconf 89' lang='lat' dir='ltr'>et</span> <span class='ocrx_word' id='word_1_23' title='bbox 771 625 867 658; x_wconf 90' lang='lat' dir='ltr'>vitae</span> <span class='ocrx_word' id='word_1_24' title='bbox 891 624 1162 668; x_wconf 85' lang='lat' dir='ltr'>sanctitatisque</span> <span class='ocrx_word' id='word_1_25' title='bbox 1188 623 1358 658; x_wconf 87' lang='lat' dir='ltr'>imitator.</span> <span class='ocrx_word' id='word_1_26' title='bbox 1406 623 1548 670; x_wconf 90' lang='lat' dir='ltr'>Anony.</span> <span class='ocrx_word' id='word_1_27' title='bbox 1578 631 1700 660; x_wconf 83' lang='lat' dir='ltr'>auctor</span> 
     </span>
     <span class='ocr_line' id='line_1_5' title="bbox 314 681 1699 726; baseline 0.001 -10"><span class='ocrx_word' id='word_1_28' title='bbox 314 681 420 716; x_wconf 88' lang='lat' dir='ltr'>Vitae</span> <span class='ocrx_word' id='word_1_29' title='bbox 438 682 474 716; x_wconf 86' lang='lat' dir='ltr'>S.</span> <span class='ocrx_word' id='word_1_30' title='bbox 494 682 636 716; x_wconf 53' lang='lat' dir='ltr'>WVinoci</span> <span class='ocrx_word' id='word_1_31' title='bbox 654 682 750 716; x_wconf 87' lang='lat' dir='ltr'>Scoti</span> <span class='ocrx_word' id='word_1_32' title='bbox 769 682 864 726; x_wconf 90' lang='lat' dir='ltr'>apud</span> <span class='ocrx_word' id='word_1_33' title='bbox 882 681 1027 715; x_wconf 92' lang='lat' dir='ltr'>Surium</span> <span class='ocrx_word' id='word_1_34' title='bbox 1046 685 1131 714; x_wconf 89' lang='lat' dir='ltr'>tom.</span> <span class='ocrx_word' id='word_1_35' title='bbox 1152 690 1206 714; x_wconf 83' lang='lat' dir='ltr'>VI.</span> <span class='ocrx_word' id='word_1_36' title='bbox 1233 681 1290 715; x_wconf 88' lang='lat' dir='ltr'>die</span> <span class='ocrx_word' id='word_1_37' title='bbox 1308 690 1363 715; x_wconf 80' lang='lat' dir='ltr'>VI.</span> <span class='ocrx_word' id='word_1_38' title='bbox 1382 681 1556 716; x_wconf 90' lang='lat' dir='ltr'>Novemb.</span> <span class='ocrx_word' id='word_1_39' title='bbox 1586 687 1606 702; x_wconf 92' lang='lat'><strong>“</strong></span> <span class='ocrx_word' id='word_1_40' title='bbox 1626 683 1699 717; x_wconf 90' lang='lat' dir='ltr'>Ha-</span> 
     </span>
     <span class='ocr_line' id='line_1_6' title="bbox 314 739 1700 785; baseline 0.001 -12"><span class='ocrx_word' id='word_1_41' title='bbox 314 739 393 773; x_wconf 88' lang='lat' dir='ltr'>buit</span> <span class='ocrx_word' id='word_1_42' title='bbox 410 740 447 773; x_wconf 93' lang='lat' dir='ltr'>in</span> <span class='ocrx_word' id='word_1_43' title='bbox 465 740 682 773; x_wconf 87' lang='lat' dir='ltr'>consortium</span> <span class='ocrx_word' id='word_1_44' title='bbox 701 739 944 782; x_wconf 87' lang='lat' dir='ltr'>suscipiendae</span> <span class='ocrx_word' id='word_1_45' title='bbox 962 739 1258 784; x_wconf 76' lang='lat' dir='ltr'>peregrinationis</span> <span class='ocrx_word' id='word_1_46' title='bbox 1277 740 1479 785; x_wconf 85' lang='lat' dir='ltr'>conjuratos</span> <span class='ocrx_word' id='word_1_47' title='bbox 1505 742 1543 774; x_wconf 92' lang='lat' dir='ltr'>in</span> <span class='ocrx_word' id='word_1_48' title='bbox 1566 741 1700 776; x_wconf 90' lang='lat' dir='ltr'>Christi</span> 
     </span>
     <span class='ocr_line' id='line_1_7' title="bbox 314 796 1698 842; baseline 0.002 -12"><span class='ocrx_word' id='word_1_49' title='bbox 314 801 534 830; x_wconf 87' lang='lat' dir='ltr'>sacramenta</span> <span class='ocrx_word' id='word_1_50' title='bbox 567 797 721 836; x_wconf 89' lang='lat' dir='ltr'>tirones;</span> <span class='ocrx_word' id='word_1_51' title='bbox 763 796 1017 835; x_wconf 89' lang='lat' dir='ltr'>Quadanocum</span> <span class='ocrx_word' id='word_1_52' title='bbox 1060 796 1233 835; x_wconf 87' lang='lat' dir='ltr'>videlicet,</span> <span class='ocrx_word' id='word_1_53' title='bbox 1277 796 1506 842; x_wconf 88' lang='lat' dir='ltr'>Ingenocum,</span> <span class='ocrx_word' id='word_1_54' title='bbox 1550 804 1584 832; x_wconf 89' lang='lat' dir='ltr'>et</span> <span class='ocrx_word' id='word_1_55' title='bbox 1622 800 1698 834; x_wconf 85' lang='lat' dir='ltr'>Ma-</span> 
     </span>
     <span class='ocr_line' id='line_1_8' title="bbox 314 853 1702 900; baseline 0.002 -12"><span class='ocrx_word' id='word_1_56' title='bbox 314 855 457 894; x_wconf 83' lang='lat' dir='ltr'>doxum,</span> <span class='ocrx_word' id='word_1_57' title='bbox 476 865 604 900; x_wconf 89' lang='lat' dir='ltr'>genere</span> <span class='ocrx_word' id='word_1_58' title='bbox 621 854 765 898; x_wconf 91' lang='lat' dir='ltr'>quidem</span> <span class='ocrx_word' id='word_1_59' title='bbox 783 853 1001 898; x_wconf 88' lang='lat' dir='ltr'>spectabiles,</span> <span class='ocrx_word' id='word_1_60' title='bbox 1019 858 1053 886; x_wconf 91' lang='lat' dir='ltr'>et</span> <span class='ocrx_word' id='word_1_61' title='bbox 1072 854 1147 887; x_wconf 89' lang='lat' dir='ltr'>vita</span> <span class='ocrx_word' id='word_1_62' title='bbox 1164 853 1402 897; x_wconf 85' lang='lat' dir='ltr'>probabiles.&#39;&#39;</span> <span class='ocrx_word' id='word_1_63' title='bbox 1447 855 1523 890; x_wconf 90' lang='lat' dir='ltr'>Nec</span> <span class='ocrx_word' id='word_1_64' title='bbox 1539 858 1643 900; x_wconf 82' lang='lat' dir='ltr'>plura</span> <span class='ocrx_word' id='word_1_65' title='bbox 1660 858 1702 891; x_wconf 88' lang='lat' dir='ltr'>de</span> 
     </span>
     <span class='ocr_line' id='line_1_9' title="bbox 314 911 567 956; baseline 0 -11"><span class='ocrx_word' id='word_1_66' title='bbox 314 923 365 945; x_wconf 80' lang='lat' dir='ltr'>eo.</span> <span class='ocrx_word' id='word_1_67' title='bbox 418 911 567 956; x_wconf 86' lang='lat' dir='ltr'>Scripsit</span> 
     </span>
     <span class='ocr_line' id='line_1_10' title="bbox 462 968 1309 1013; baseline 0 -11"><span class='ocrx_word' id='word_1_68' title='bbox 462 968 556 1002; x_wconf 88' lang='lat' dir='ltr'>Acta</span> <span class='ocrx_word' id='word_1_69' title='bbox 573 968 609 1002; x_wconf 87' lang='lat' dir='ltr'>S.</span> <span class='ocrx_word' id='word_1_70' title='bbox 623 968 765 1002; x_wconf 89' lang='lat' dir='ltr'>Winoci</span> <span class='ocrx_word' id='word_1_71' title='bbox 783 969 947 1013; x_wconf 87' lang='lat' dir='ltr'>magistri</span> <span class='ocrx_word' id='word_1_72' title='bbox 1204 968 1264 1002; x_wconf 91' lang='lat' dir='ltr'>lib.</span> <span class='ocrx_word' id='word_1_73' title='bbox 1284 979 1309 1002; x_wconf 90' lang='lat'>1.</span> 
     </span>
    </p>

    <p class='ocr_par' dir='ltr' id='par_1_4' title="bbox 362 1025 1700 1066">
     <span class='ocr_line' id='line_1_11' title="bbox 362 1025 1700 1066; baseline 0.005 -7"><span class='ocrx_word' id='word_1_74' title='bbox 362 1026 531 1060; x_wconf 86' lang='lat' dir='ltr'>Florebat</span> <span class='ocrx_word' id='word_1_75' title='bbox 548 1037 641 1059; x_wconf 91' lang='lat' dir='ltr'>anno</span> <span class='ocrx_word' id='word_1_76' title='bbox 659 1034 826 1060; x_wconf 85' lang='lat' dir='ltr'>DCCXVI.</span> <span class='ocrx_word' id='word_1_77' title='bbox 879 1025 1032 1059; x_wconf 91' lang='lat' dir='ltr'>Beatum</span> <span class='ocrx_word' id='word_1_78' title='bbox 1050 1026 1134 1060; x_wconf 86' lang='lat' dir='ltr'>colit</span> <span class='ocrx_word' id='word_1_79' title='bbox 1152 1026 1333 1060; x_wconf 87' lang='lat' dir='ltr'>Flandria.</span> <span class='ocrx_word' id='word_1_80' title='bbox 1377 1026 1490 1062; x_wconf 90' lang='lat' dir='ltr'>Henr.</span> <span class='ocrx_word' id='word_1_81' title='bbox 1510 1029 1644 1065; x_wconf 87' lang='lat' dir='ltr'>Coster.</span> <span class='ocrx_word' id='word_1_82' title='bbox 1664 1033 1700 1066; x_wconf 90' lang='lat' dir='ltr'>in</span> 
     </span>
    </p>

    <p class='ocr_par' dir='ltr' id='par_1_5' title="bbox 312 1082 1004 1129">
     <span class='ocr_line' id='line_1_12' title="bbox 312 1082 1004 1129; baseline -0.001 -12"><span class='ocrx_word' id='word_1_83' title='bbox 312 1083 401 1117; x_wconf 86' lang='lat' dir='ltr'>Arb.</span> <span class='ocrx_word' id='word_1_84' title='bbox 421 1083 560 1117; x_wconf 89' lang='lat' dir='ltr'>Bertin.</span> <span class='ocrx_word' id='word_1_85' title='bbox 605 1082 755 1117; x_wconf 88' lang='lat' dir='ltr'>Locrius</span> <span class='ocrx_word' id='word_1_86' title='bbox 772 1094 853 1129; x_wconf 88' lang='lat' dir='ltr'>pag.</span> <span class='ocrx_word' id='word_1_87' title='bbox 874 1091 1004 1116; x_wconf 79' lang='lat' dir='ltr'>LXXX.</span> 
     </span>
    </p>
   </div>
   <div class='ocr_carea' id='block_1_4' title="bbox 740 1197 1272 1237">
    <p class='ocr_par' dir='ltr' id='par_1_6' title="bbox 740 1197 1272 1237">
     <span class='ocr_line' id='line_1_13' title="bbox 740 1197 1272 1237; baseline 0.004 -5"><span class='ocrx_word' id='word_1_88' title='bbox 740 1197 1136 1232; x_wconf 88' lang='lat' dir='ltr'>MACCHABAEUS.</span> <span class='ocrx_word' id='word_1_89' title='bbox 1190 1202 1272 1237; x_wconf 82' lang='lat'><strong>877.</strong></span> 
     </span>
    </p>
   </div>
   <div class='ocr_carea' id='block_1_5' title="bbox 312 1312 1700 1876">
    <p class='ocr_par' dir='ltr' id='par_1_7' title="bbox 312 1312 1700 1876">
     <span class='ocr_line' id='line_1_14' title="bbox 313 1312 1700 1355; baseline 0.004 -6"><span class='ocrx_word' id='word_1_90' title='bbox 313 1315 641 1353; x_wconf 79' lang='lat' dir='ltr'>MACCHABAEUS,</span> <span class='ocrx_word' id='word_1_91' title='bbox 659 1325 722 1347; x_wconf 85' lang='lat' dir='ltr'>rex</span> <span class='ocrx_word' id='word_1_92' title='bbox 740 1312 926 1347; x_wconf 88' lang='lat' dir='ltr'>Scotorum</span> <span class='ocrx_word' id='word_1_93' title='bbox 946 1322 1104 1347; x_wconf 81' lang='lat' dir='ltr'>Lxxxv.</span> <span class='ocrx_word' id='word_1_94' title='bbox 1131 1314 1313 1349; x_wconf 88' lang='lat' dir='ltr'>Malcolmi</span> <span class='ocrx_word' id='word_1_95' title='bbox 1337 1315 1386 1350; x_wconf 94' lang='grc' dir='ltr'>ΙΙ.</span> <span class='ocrx_word' id='word_1_96' title='bbox 1413 1328 1457 1351; x_wconf 84' lang='lat' dir='ltr'>ex</span> <span class='ocrx_word' id='word_1_97' title='bbox 1483 1317 1555 1352; x_wconf 88' lang='lat' dir='ltr'>filia</span> <span class='ocrx_word' id='word_1_98' title='bbox 1576 1319 1700 1355; x_wconf 86' lang='lat' dir='ltr'>Doada</span> 
     </span>
     <span class='ocr_line' id='line_1_15' title="bbox 313 1371 1699 1421; baseline 0.004 -15"><span class='ocrx_word' id='word_1_99' title='bbox 313 1384 432 1417; x_wconf 87' lang='lat' dir='ltr'>nepos,</span> <span class='ocrx_word' id='word_1_100' title='bbox 450 1383 600 1418; x_wconf 88' lang='lat' dir='ltr'>regnum</span> <span class='ocrx_word' id='word_1_101' title='bbox 619 1372 753 1417; x_wconf 84' lang='lat' dir='ltr'>injuria</span> <span class='ocrx_word' id='word_1_102' title='bbox 770 1372 930 1415; x_wconf 81' lang='lat' dir='ltr'>adeptus,</span> <span class='ocrx_word' id='word_1_103' title='bbox 949 1372 1133 1415; x_wconf 85' lang='lat' dir='ltr'>tyrannice</span> <span class='ocrx_word' id='word_1_104' title='bbox 1156 1376 1192 1405; x_wconf 81' lang='lat' dir='ltr'>et</span> <span class='ocrx_word' id='word_1_105' title='bbox 1208 1371 1373 1408; x_wconf 86' lang='lat' dir='ltr'>ferociter</span> <span class='ocrx_word' id='word_1_106' title='bbox 1393 1374 1432 1408; x_wconf 90' lang='lat' dir='ltr'>in</span> <span class='ocrx_word' id='word_1_107' title='bbox 1449 1376 1565 1420; x_wconf 89' lang='lat' dir='ltr'>capita</span> <span class='ocrx_word' id='word_1_108' title='bbox 1582 1388 1699 1421; x_wconf 84' lang='lat' dir='ltr'>proce-</span> 
     </span>
     <span class='ocr_line' id='line_1_16' title="bbox 313 1428 1699 1481; baseline 0.004 -17"><span class='ocrx_word' id='word_1_109' title='bbox 313 1441 392 1464; x_wconf 86' lang='lat' dir='ltr'>rum</span> <span class='ocrx_word' id='word_1_110' title='bbox 411 1434 619 1476; x_wconf 56' lang='lat' dir='ltr'>grassatum</span> <span class='ocrx_word' id='word_1_111' title='bbox 643 1440 751 1473; x_wconf 90' lang='lat' dir='ltr'>quare</span> <span class='ocrx_word' id='word_1_112' title='bbox 769 1441 790 1462; x_wconf 86' lang='lat' dir='ltr'>a</span> <span class='ocrx_word' id='word_1_113' title='bbox 808 1428 998 1462; x_wconf 84' lang='lat' dir='ltr'>Malcolmo</span> <span class='ocrx_word' id='word_1_114' title='bbox 1016 1428 1085 1461; x_wconf 93' lang='grc' dir='ltr'>ΙΙΙ.</span> <span class='ocrx_word' id='word_1_115' title='bbox 1113 1428 1278 1463; x_wconf 89' lang='lat' dir='ltr'>Duncani</span> <span class='ocrx_word' id='word_1_116' title='bbox 1304 1431 1399 1476; x_wconf 85' lang='lat' dir='ltr'>regis</span> <span class='ocrx_word' id='word_1_117' title='bbox 1426 1432 1468 1467; x_wconf 88' lang='lat' dir='ltr'>F.</span> <span class='ocrx_word' id='word_1_118' title='bbox 1495 1445 1539 1467; x_wconf 86' lang='lat' dir='ltr'>ex</span> <span class='ocrx_word' id='word_1_119' title='bbox 1565 1434 1699 1481; x_wconf 87' lang='lat' dir='ltr'>Anglia</span> 
     </span>
     <span class='ocr_line' id='line_1_17' title="bbox 313 1485 1364 1532; baseline 0.001 -11"><span class='ocrx_word' id='word_1_120' title='bbox 313 1492 468 1526; x_wconf 89' lang='lat' dir='ltr'>evocato,</span> <span class='ocrx_word' id='word_1_121' title='bbox 488 1491 523 1520; x_wconf 87' lang='lat' dir='ltr'>et</span> <span class='ocrx_word' id='word_1_122' title='bbox 541 1487 617 1520; x_wconf 89' lang='lat' dir='ltr'>vita</span> <span class='ocrx_word' id='word_1_123' title='bbox 634 1491 669 1520; x_wconf 88' lang='lat' dir='ltr'>et</span> <span class='ocrx_word' id='word_1_124' title='bbox 687 1498 796 1532; x_wconf 89' lang='lat' dir='ltr'>regno</span> <span class='ocrx_word' id='word_1_125' title='bbox 815 1486 990 1530; x_wconf 88' lang='lat' dir='ltr'>privatur.</span> <span class='ocrx_word' id='word_1_126' title='bbox 1043 1485 1232 1530; x_wconf 88' lang='lat' dir='ltr'>Scripsisse</span> <span class='ocrx_word' id='word_1_127' title='bbox 1250 1487 1364 1522; x_wconf 88' lang='lat' dir='ltr'>fertur</span> 
     </span>
     <span class='ocr_line' id='line_1_18' title="bbox 461 1542 1699 1589; baseline 0.006 -12"><span class='ocrx_word' id='word_1_128' title='bbox 461 1544 575 1589; x_wconf 88' lang='lat' dir='ltr'>Leges</span> <span class='ocrx_word' id='word_1_129' title='bbox 602 1543 728 1589; x_wconf 85' lang='lat' dir='ltr'>Regno</span> <span class='ocrx_word' id='word_1_130' title='bbox 754 1543 859 1577; x_wconf 89' lang='lat' dir='ltr'>utiles</span> <span class='ocrx_word' id='word_1_131' title='bbox 886 1543 946 1576; x_wconf 87' lang='lat' dir='ltr'>lib.</span> <span class='ocrx_word' id='word_1_132' title='bbox 966 1553 990 1576; x_wconf 89' lang='lat'>1.</span> <span class='ocrx_word' id='word_1_133' title='bbox 1019 1542 1154 1577; x_wconf 88' lang='lat' dir='ltr'>Hector</span> <span class='ocrx_word' id='word_1_134' title='bbox 1179 1544 1352 1580; x_wconf 83' lang='lat' dir='ltr'>Boethius</span> <span class='ocrx_word' id='word_1_135' title='bbox 1379 1547 1440 1581; x_wconf 88' lang='lat' dir='ltr'>lib.</span> <span class='ocrx_word' id='word_1_136' title='bbox 1459 1557 1533 1582; x_wconf 80' lang='lat' dir='ltr'>XII.</span> <span class='ocrx_word' id='word_1_137' title='bbox 1563 1549 1699 1585; x_wconf 85' lang='lat' dir='ltr'>Histor.</span> 
     </span>
     <span class='ocr_line' id='line_1_19' title="bbox 508 1601 1699 1646; baseline 0.007 -12"><span class='ocrx_word' id='word_1_138' title='bbox 508 1601 666 1635; x_wconf 86' lang='lat' dir='ltr'>Scoticae</span> <span class='ocrx_word' id='word_1_139' title='bbox 699 1601 831 1646; x_wconf 85' lang='lat' dir='ltr'>pagina</span> <span class='ocrx_word' id='word_1_140' title='bbox 861 1609 966 1634; x_wconf 76' lang='lat' dir='ltr'><strong>CCLI.</strong></span> <span class='ocrx_word' id='word_1_141' title='bbox 1001 1613 1089 1646; x_wconf 90' lang='lat' dir='ltr'>quas</span> <span class='ocrx_word' id='word_1_142' title='bbox 1124 1603 1248 1636; x_wconf 91' lang='lat' dir='ltr'>deinde</span> <span class='ocrx_word' id='word_1_143' title='bbox 1283 1615 1460 1639; x_wconf 84' lang='lat' dir='ltr'>successor</span> <span class='ocrx_word' id='word_1_144' title='bbox 1490 1607 1699 1643; x_wconf 85' lang='lat' dir='ltr'>Malcolmus</span> 
     </span>
     <span class='ocr_line' id='line_1_20' title="bbox 509 1658 1347 1704; baseline 0.002 -12"><span class='ocrx_word' id='word_1_145' title='bbox 509 1658 696 1704; x_wconf 88' lang='lat' dir='ltr'>abrogavit</span> <span class='ocrx_word' id='word_1_146' title='bbox 714 1669 846 1697; x_wconf 84' lang='lat' dir='ltr'>omnes,</span> <span class='ocrx_word' id='word_1_147' title='bbox 866 1659 987 1692; x_wconf 88' lang='lat' dir='ltr'>eodem</span> <span class='ocrx_word' id='word_1_148' title='bbox 1005 1659 1096 1692; x_wconf 89' lang='lat' dir='ltr'>libro</span> <span class='ocrx_word' id='word_1_149' title='bbox 1114 1670 1194 1704; x_wconf 84' lang='lat' dir='ltr'>pag.</span> <span class='ocrx_word' id='word_1_150' title='bbox 1215 1669 1347 1694; x_wconf 77' lang='lat' dir='ltr'>CCLVI.</span> 
     </span>
     <span class='ocr_line' id='line_1_21' title="bbox 362 1716 1699 1760; baseline 0.004 -10"><span class='ocrx_word' id='word_1_151' title='bbox 362 1716 573 1750; x_wconf 85' lang='lat' dir='ltr'>Exstinctus</span> <span class='ocrx_word' id='word_1_152' title='bbox 592 1721 645 1749; x_wconf 90' lang='lat' dir='ltr'>est</span> <span class='ocrx_word' id='word_1_153' title='bbox 663 1726 755 1749; x_wconf 89' lang='lat' dir='ltr'>anno</span> <span class='ocrx_word' id='word_1_154' title='bbox 773 1716 874 1760; x_wconf 87' lang='lat' dir='ltr'>regni</span> <span class='ocrx_word' id='word_1_155' title='bbox 890 1716 944 1749; x_wconf 91' lang='lat' dir='ltr'>sui</span> <span class='ocrx_word' id='word_1_156' title='bbox 964 1725 1049 1749; x_wconf 85' lang='lat' dir='ltr'>XVI.</span> <span class='ocrx_word' id='word_1_157' title='bbox 1068 1717 1193 1750; x_wconf 86' lang='lat' dir='ltr'>salutis</span> <span class='ocrx_word' id='word_1_158' title='bbox 1211 1717 1386 1752; x_wconf 84' lang='lat' dir='ltr'>humanae</span> <span class='ocrx_word' id='word_1_159' title='bbox 1402 1729 1550 1754; x_wconf 75' lang='lat' dir='ltr'><strong>MLle.</strong></span> <span class='ocrx_word' id='word_1_160' title='bbox 1563 1733 1584 1755; x_wconf 81' lang='lat' dir='ltr'>a</span> <span class='ocrx_word' id='word_1_161' title='bbox 1598 1722 1699 1756; x_wconf 78' lang='lat' dir='ltr'>Mak-</span> 
     </span>
     <span class='ocr_line' id='line_1_22' title="bbox 313 1772 1698 1824; baseline 0.004 -16"><span class='ocrx_word' id='word_1_162' title='bbox 313 1774 410 1808; x_wconf 86' lang='lat' dir='ltr'>duffo</span> <span class='ocrx_word' id='word_1_163' title='bbox 441 1773 542 1806; x_wconf 89' lang='lat' dir='ltr'>Fifae</span> <span class='ocrx_word' id='word_1_164' title='bbox 573 1773 711 1807; x_wconf 87' lang='lat' dir='ltr'>comite.</span> <span class='ocrx_word' id='word_1_165' title='bbox 764 1772 915 1807; x_wconf 88' lang='lat' dir='ltr'>Sedebat</span> <span class='ocrx_word' id='word_1_166' title='bbox 940 1774 978 1807; x_wconf 90' lang='lat' dir='ltr'>in</span> <span class='ocrx_word' id='word_1_167' title='bbox 1005 1773 1103 1807; x_wconf 88' lang='lat' dir='ltr'>Petri</span> <span class='ocrx_word' id='word_1_168' title='bbox 1130 1775 1297 1809; x_wconf 86' lang='lat' dir='ltr'>cathedra</span> <span class='ocrx_word' id='word_1_169' title='bbox 1323 1776 1491 1812; x_wconf 90' lang='lat' dir='ltr'>Nicolaus</span> <span class='ocrx_word' id='word_1_170' title='bbox 1515 1778 1563 1812; x_wconf 92' lang='lat' dir='ltr'>II.</span> <span class='ocrx_word' id='word_1_171' title='bbox 1591 1780 1698 1824; x_wconf 79' lang='lat' dir='ltr'>inipe-</span> 
     </span>
     <span class='ocr_line' id='line_1_23' title="bbox 312 1830 1365 1876; baseline 0.001 -10"><span class='ocrx_word' id='word_1_172' title='bbox 312 1832 414 1866; x_wconf 85' lang='lat' dir='ltr'>rabat</span> <span class='ocrx_word' id='word_1_173' title='bbox 435 1831 612 1865; x_wconf 89' lang='lat' dir='ltr'>Henricus</span> <span class='ocrx_word' id='word_1_174' title='bbox 632 1830 696 1864; x_wconf 91' lang='lat' dir='ltr'>IV.</span> <span class='ocrx_word' id='word_1_175' title='bbox 716 1830 936 1864; x_wconf 86' lang='lat' dir='ltr'>Francorum</span> <span class='ocrx_word' id='word_1_176' title='bbox 954 1842 1017 1865; x_wconf 88' lang='lat' dir='ltr'>rex</span> <span class='ocrx_word' id='word_1_177' title='bbox 1035 1836 1110 1864; x_wconf 87' lang='lat' dir='ltr'>erat</span> <span class='ocrx_word' id='word_1_178' title='bbox 1130 1831 1317 1876; x_wconf 90' lang='lat' dir='ltr'>Philippus</span> <span class='ocrx_word' id='word_1_179' title='bbox 1336 1833 1365 1867; x_wconf 93' lang='grc' dir='ltr'>Ι.</span> 
     </span>
    </p>
   </div>
   <div class='ocr_carea' id='block_1_6' title="bbox 776 1945 1237 1984">
    <p class='ocr_par' dir='ltr' id='par_1_8' title="bbox 776 1945 1237 1984">
     <span class='ocr_line' id='line_1_24' title="bbox 776 1945 1237 1984; baseline 0.004 -5"><span class='ocrx_word' id='word_1_180' title='bbox 776 1945 1102 1979; x_wconf 86' lang='lat' dir='ltr'><strong>MALCOLMUS.</strong></span> <span class='ocrx_word' id='word_1_181' title='bbox 1156 1949 1237 1984; x_wconf 86' lang='lat'><strong>878.</strong></span> 
     </span>
    </p>
   </div>
   <div class='ocr_carea' id='block_1_7' title="bbox 313 2060 1697 2452">
    <p class='ocr_par' dir='ltr' id='par_1_9' title="bbox 313 2060 1697 2393">
     <span class='ocr_line' id='line_1_25' title="bbox 315 2060 1697 2105; baseline 0.005 -11"><span class='ocrx_word' id='word_1_182' title='bbox 315 2061 578 2094; x_wconf 72' lang='lat' dir='ltr'><strong>MALCOLMUS</strong></span> <span class='ocrx_word' id='word_1_183' title='bbox 602 2061 651 2095; x_wconf 86' lang='lat'>11.</span> <span class='ocrx_word' id='word_1_184' title='bbox 678 2072 752 2100; x_wconf 87' lang='lat' dir='ltr'>rex,</span> <span class='ocrx_word' id='word_1_185' title='bbox 778 2061 958 2094; x_wconf 85' lang='lat' dir='ltr'>Malcolmi</span> <span class='ocrx_word' id='word_1_186' title='bbox 984 2060 1012 2094; x_wconf 94' lang='lat' dir='ltr'>I.</span> <span class='ocrx_word' id='word_1_187' title='bbox 1039 2073 1157 2105; x_wconf 86' lang='lat' dir='ltr'>nepos,</span> <span class='ocrx_word' id='word_1_188' title='bbox 1185 2062 1366 2097; x_wconf 88' lang='lat' dir='ltr'>Kennethi</span> <span class='ocrx_word' id='word_1_189' title='bbox 1393 2064 1462 2098; x_wconf 91' lang='grc' dir='ltr'><strong>ΙΙΙ.</strong></span> <span class='ocrx_word' id='word_1_190' title='bbox 1491 2065 1532 2099; x_wconf 89' lang='lat' dir='ltr'>F.</span> <span class='ocrx_word' id='word_1_191' title='bbox 1560 2077 1603 2100; x_wconf 83' lang='lat' dir='ltr'>ex</span> <span class='ocrx_word' id='word_1_192' title='bbox 1619 2067 1697 2101; x_wconf 90' lang='lat' dir='ltr'>An-</span> 
     </span>
     <span class='ocr_line' id='line_1_26' title="bbox 314 2118 1696 2164; baseline 0.004 -12"><span class='ocrx_word' id='word_1_193' title='bbox 314 2119 387 2164; x_wconf 85' lang='lat' dir='ltr'>glia</span> <span class='ocrx_word' id='word_1_194' title='bbox 403 2119 516 2152; x_wconf 86' lang='lat' dir='ltr'>redux</span> <span class='ocrx_word' id='word_1_195' title='bbox 535 2118 699 2152; x_wconf 89' lang='lat' dir='ltr'>Grimum</span> <span class='ocrx_word' id='word_1_196' title='bbox 719 2119 809 2152; x_wconf 87' lang='lat' dir='ltr'>bello</span> <span class='ocrx_word' id='word_1_197' title='bbox 827 2119 928 2161; x_wconf 89' lang='lat' dir='ltr'>petit,</span> <span class='ocrx_word' id='word_1_198' title='bbox 946 2123 980 2151; x_wconf 86' lang='lat' dir='ltr'>et</span> <span class='ocrx_word' id='word_1_199' title='bbox 999 2120 1093 2153; x_wconf 86' lang='lat' dir='ltr'>victo</span> <span class='ocrx_word' id='word_1_200' title='bbox 1107 2131 1270 2153; x_wconf 80' lang='lat' dir='ltr'>coronam</span> <span class='ocrx_word' id='word_1_201' title='bbox 1285 2120 1401 2164; x_wconf 88' lang='lat' dir='ltr'>eripit.</span> <span class='ocrx_word' id='word_1_202' title='bbox 1441 2121 1477 2155; x_wconf 96' lang='lat' dir='ltr'>A</span> <span class='ocrx_word' id='word_1_203' title='bbox 1493 2122 1606 2156; x_wconf 89' lang='lat' dir='ltr'>Danis</span> <span class='ocrx_word' id='word_1_204' title='bbox 1625 2125 1696 2158; x_wconf 87' lang='lat' dir='ltr'>acie</span> 
     </span>
     <span class='ocr_line' id='line_1_27' title="bbox 314 2176 1697 2220; baseline 0.004 -10"><span class='ocrx_word' id='word_1_205' title='bbox 314 2178 440 2216; x_wconf 86' lang='lat' dir='ltr'>victus,</span> <span class='ocrx_word' id='word_1_206' title='bbox 467 2182 603 2210; x_wconf 85' lang='lat' dir='ltr'>tentato</span> <span class='ocrx_word' id='word_1_207' title='bbox 630 2178 759 2210; x_wconf 88' lang='lat' dir='ltr'>iterum</span> <span class='ocrx_word' id='word_1_208' title='bbox 787 2177 977 2210; x_wconf 79' lang='lat' dir='ltr'>certamine</span> <span class='ocrx_word' id='word_1_209' title='bbox 1004 2188 1061 2210; x_wconf 90' lang='lat' dir='ltr'>eos</span> <span class='ocrx_word' id='word_1_210' title='bbox 1080 2182 1234 2220; x_wconf 80' lang='lat' dir='ltr'>superat.</span> <span class='ocrx_word' id='word_1_211' title='bbox 1286 2176 1360 2211; x_wconf 90' lang='lat' dir='ltr'>Sub</span> <span class='ocrx_word' id='word_1_212' title='bbox 1378 2178 1483 2212; x_wconf 88' lang='lat' dir='ltr'>finem</span> <span class='ocrx_word' id='word_1_213' title='bbox 1501 2182 1626 2214; x_wconf 87' lang='lat' dir='ltr'>aetatis</span> <span class='ocrx_word' id='word_1_214' title='bbox 1645 2183 1697 2215; x_wconf 89' lang='lat' dir='ltr'>in-</span> 
     </span>
     <span class='ocr_line' id='line_1_28' title="bbox 314 2234 1696 2282; baseline 0.003 -14"><span class='ocrx_word' id='word_1_215' title='bbox 314 2235 565 2280; x_wconf 87' lang='lat' dir='ltr'>gravescentis,</span> <span class='ocrx_word' id='word_1_216' title='bbox 600 2234 908 2267; x_wconf 85' lang='lat' dir='ltr'>mansuetudinem</span> <span class='ocrx_word' id='word_1_217' title='bbox 944 2235 1083 2267; x_wconf 85' lang='lat' dir='ltr'>solitam</span> <span class='ocrx_word' id='word_1_218' title='bbox 1115 2234 1151 2267; x_wconf 82' lang='lat' dir='ltr'>iu</span> <span class='ocrx_word' id='word_1_219' title='bbox 1182 2235 1406 2278; x_wconf 86' lang='lat' dir='ltr'>tyrannidem</span> <span class='ocrx_word' id='word_1_220' title='bbox 1439 2238 1696 2282; x_wconf 85' lang='lat' dir='ltr'>avaritiamque</span> 
     </span>
     <span class='ocr_line' id='line_1_29' title="bbox 313 2291 1694 2339; baseline 0.004 -14"><span class='ocrx_word' id='word_1_221' title='bbox 313 2296 545 2331; x_wconf 87' lang='lat' dir='ltr'>commutans,</span> <span class='ocrx_word' id='word_1_222' title='bbox 573 2292 616 2325; x_wconf 86' lang='lat' dir='ltr'>ad</span> <span class='ocrx_word' id='word_1_223' title='bbox 644 2291 893 2325; x_wconf 79' lang='lat' dir='ltr'>Glamuensem</span> <span class='ocrx_word' id='word_1_224' title='bbox 925 2302 1041 2324; x_wconf 85' lang='lat' dir='ltr'>arcem</span> <span class='ocrx_word' id='word_1_225' title='bbox 1071 2291 1284 2335; x_wconf 83' lang='lat' dir='ltr'>optimatum</span> <span class='ocrx_word' id='word_1_226' title='bbox 1314 2292 1465 2328; x_wconf 86' lang='lat' dir='ltr'>factione</span> <span class='ocrx_word' id='word_1_227' title='bbox 1495 2296 1694 2339; x_wconf 83' lang='lat' dir='ltr'>perimitur.</span> 
     </span>
     <span class='ocr_line' id='line_1_30' title="bbox 313 2349 464 2393; baseline 0 -11"><span class='ocrx_word' id='word_1_228' title='bbox 313 2349 464 2393; x_wconf 86' lang='lat' dir='ltr'>Scripsit</span> 
     </span>
    </p>

    <p class='ocr_par' dir='ltr' id='par_1_10' title="bbox 459 2406 1443 2452">
     <span class='ocr_line' id='line_1_31' title="bbox 459 2406 1443 2452; baseline 0.002 -12"><span class='ocrx_word' id='word_1_229' title='bbox 459 2406 573 2452; x_wconf 81' lang='lat' dir='ltr'>Leges</span> <span class='ocrx_word' id='word_1_230' title='bbox 593 2406 827 2450; x_wconf 85' lang='lat' dir='ltr'>Municipales</span> <span class='ocrx_word' id='word_1_231' title='bbox 1126 2406 1184 2439; x_wconf 90' lang='lat' dir='ltr'>lib.</span> <span class='ocrx_word' id='word_1_232' title='bbox 1205 2416 1229 2439; x_wconf 92' lang='lat'>1.</span> <span class='ocrx_word' id='word_1_233' title='bbox 1282 2406 1443 2442; x_wconf 84' lang='lat' dir='ltr'>Balaeus.</span> 
     </span>
    </p>
   </div>
  </div>
 </body>
</html>
