2118 2854
652 313 828 349 GENTIS
852 311 1129 351 SCOTORUM,
1152 311 1241 344 LIB.
1265 310 1362 342 VIII.
1636 310 1700 342 359

612 464 834 500 JACOBUS
861 461 1261 499 HALDENSTOUN.
1315 460 1397 499 678.

313 584 491 618 JACOBUS
510 581 770 621 Haldenstoun,
788 591 906 614 sacrae
924 578 1124 625 theologiae
1149 579 1283 618 doctor,
1310 588 1350 612 ac
1372 577 1537 616 decanus,
1563 574 1599 608 S.
1623 573 1700 608 An-

314 642 417 675 dreae
434 641 542 685 prior,
560 639 757 673 haereticae
773 637 963 683 pravitatis
980 636 1183 681 inquisitor,
1210 640 1232 655 ‘⁶
1250 645 1395 670 severus
1411 634 1451 668 in
1467 632 1699 677 corripiendo,

314 702 519 733 mansuetus
547 697 586 731 in
615 696 827 735 miserando,
854 694 1009 729 liberalis
1036 694 1075 728 in
1105 693 1324 738 exponendo,
1355 691 1506 727 affabilis
1533 691 1572 725 in
1598 690 1701 724 collo-

314 757 465 800 quendo,
493 760 529 789 et
550 765 684 800 pronus
707 754 745 787 in
768 751 1045 797 compatiendo,''
1071 751 1122 785 ait
1148 750 1437 785 Scotichronicon
1462 749 1524 783 lib.
1543 756 1598 782 VI.
1625 757 1699 791 cap.

316 822 439 847 (mvn.
458 813 514 847 eui
532 812 598 847 hoc
616 811 837 855 epitaphium
854 812 1077 854 posuerunt:

616 881 677 916 Qui
690 880 773 910 docui
786 889 888 913 mores,
902 878 1005 907 mundi
1018 879 1110 908 vitare
1123 878 1244 912 favores,

618 928 700 957 Inter
712 927 839 957 doctores
852 936 944 956 sacros
957 926 1075 955 sortitus
1088 926 1217 959 honores,

617 974 772 1003 Vermibus
784 974 830 1003 hic
844 973 940 1006 donor,
955 978 985 1001 et
999 973 1039 1001 sic
1052 973 1203 1002 ostendere
1216 981 1309 1006 conor,

656 1021 743 1056 Quod
756 1021 830 1049 sicut
844 1029 941 1058 ponor,
955 1019 1073 1057 ponitur
1087 1020 1179 1049 omnis
1192 1019 1289 1048 honor.

365 1096 560 1141 scripserat
577 1095 647 1135 ille,
665 1099 706 1129 ut
723 1105 768 1128 ex
784 1094 869 1128 dicti
887 1093 1045 1128 coenobii
1063 1093 1278 1127 bibliotheca
1294 1092 1498 1138 apparebat,

465 1152 599 1187 Contra
616 1151 789 1186 Lolardos
1253 1150 1315 1184 lib.
1335 1159 1359 1184 1.

467 1209 676 1244 Processum
694 1214 817 1243 contra
836 1207 1044 1242 Haereticos
1254 1207 1315 1241 lib.
1335 1216 1361 1241 1.

467 1267 521 1301 De
539 1266 742 1312 Privilegiis
760 1265 918 1299 Claustri
937 1265 993 1298 sui
1258 1265 1319 1300 lib.
1339 1273 1364 1298 1.
1388 1263 1483 1299 Nam
1501 1275 1581 1299 cum
1599 1264 1705 1298 abbas

515 1323 714 1357 Calcoensis
744 1323 886 1368 publico
917 1322 1019 1368 regni
1049 1322 1215 1356 ordinum
1244 1326 1423 1357 conventu
1451 1324 1566 1357 locum
1596 1322 1708 1366 priori

516 1380 552 1414 S.
571 1379 737 1414 Andreae
754 1379 954 1424 praeripere
972 1380 1088 1419 vellet,
1112 1380 1221 1423 prior,
1243 1380 1316 1413 lato
1341 1380 1492 1420 decreto,
1520 1380 1551 1413 ei
1574 1380 1709 1424 praela-

520 1442 591 1477 tus,
617 1441 653 1471 et
682 1436 847 1471 omnibus
879 1436 981 1482 regni
1012 1436 1210 1470 abbatibus.
1272 1436 1330 1471 Ita
1355 1435 1391 1470 S.
1418 1436 1601 1477 Columba,
1628 1447 1708 1470 cum

520 1498 611 1529 esset
639 1498 781 1528 tantum
812 1493 931 1533 abbas,
957 1493 1122 1527 omnibus
1147 1493 1342 1528 Hiberniae
1368 1494 1541 1539 episeopis
1564 1499 1708 1539 antepo-

520 1552 621 1586 situs.
673 1550 961 1585 Scotichronicon
977 1550 1038 1584 lib.
1058 1558 1111 1584 V1.
1131 1561 1206 1595 cap.
1226 1559 1342 1585 XLIX.

371 1610 472 1644 Obiit
490 1617 610 1643 xvm.
631 1607 719 1642 Julii
736 1618 830 1642 anno
849 1616 1106 1642 Meccexmu.

814 1721 1088 1756 HONORIUS.
1141 1721 1188 1759 67
1190 1724 1224 1760 9.

326 1838 553 1877 HONORIUS,
584 1836 777 1871 monachus
805 1836 1058 1871 Benedictinus
1084 1835 1300 1870 celeberrimi
1326 1837 1483 1871 coenobii
1509 1838 1552 1871 de
1579 1837 1709 1882 Cupr0‚

326 1901 402 1928 tum
420 1894 652 1928 Brechinensi
670 1894 832 1938 episcopo
849 1894 1014 1934 vicarius,
1031 1897 1073 1927 ut
1089 1893 1128 1926 in
1145 1892 1417 1934 Scotichronico,
1436 1895 1492 1928 vir
1509 1905 1575 1929 suo
1593 1896 1709 1929 seculo

326 1952 600 1991 literatissimus,
618 1951 760 1994 scripsit

472 2008 695 2055 Linguarum
714 2008 951 2043 Orientalium
970 2007 1147 2053 Synopsin
1258 2008 1318 2042 lib.
1340 2017 1365 2041 1.

476 2065 530 2099 De
548 2065 691 2111 Lingua
710 2064 887 2099 Hebraica
1261 2065 1323 2099 lib.
1343 2074 1367 2098 1.

476 2122 739 2156 Dictionarium
758 2121 974 2156 Hebraicum
1262 2122 1324 2156 lib.
1344 2131 1369 2156 Ι.

474 2179 715 2223 Paraphrasin
741 2179 779 2212 in
801 2179 1009 2213 universum
1028 2178 1297 2214 Testamentum
1315 2179 1439 2219 Vetus,
1458 2191 1538 2214 cum
1556 2186 1711 2224 reperto-

523 2236 587 2276 rio,
1261 2237 1322 2271 lib.
1342 2246 1398 2271 IX.

474 2293 676 2327 Chronicon
694 2292 811 2327 Rabbi
829 2291 994 2327 Salomon
1262 2294 1322 2328 lib.
1344 2304 1369 2329 Ι.
1409 2294 1712 2329 Commentarium

524 2350 655 2384 scilicet
674 2350 716 2384 de
734 2349 838 2383 rebus
858 2349 1102 2385 Romanorum
1121 2350 1316 2387 Latinitate
1335 2352 1491 2387 donavit.

377 2408 545 2442 Florebat
563 2418 656 2442 anno
678 2415 839 2442 MCDLII.
