2060 2848
417 329 481 360 524
811 330 1043 365 HISTORIA
1068 332 1441 368 ECCLESIASTICA

420 430 545 460 auctor
562 426 839 468 vetustissimus,
864 427 925 461 sed
940 439 962 461 a
979 427 1135 462 librariis
1160 434 1223 464 aut
1249 430 1366 465 sciolis
1393 436 1594 476 corruptus,
1614 432 1651 466 in
1670 432 1759 467 Vita
1781 431 1818 466 S.

421 482 570 517 Patricii
587 483 708 527 prodit
726 483 939 525 Palladium,
965 485 1110 520 intactis
1128 486 1233 520 rebus
1251 486 1451 527 Scotorum,
1475 488 1520 522 ab
1537 488 1608 522 illis
1626 488 1737 523 fuisse
1763 500 1818 522 re·

419 540 575 584 pulsum,
602 552 642 574 ac
667 541 705 575 in
731 552 878 576 munere
900 553 972 587 quo
995 542 1214 588 fungebatur
1239 544 1547 579 archidiaconatus
1573 556 1648 580 esse
1674 546 1820 580 defunc-

419 593 509 638 tum,
536 598 639 643 eique
664 609 902 634 successorem
930 600 1128 635 Patricium
1154 604 1299 645 gentem
1325 611 1402 633 eam
1429 601 1475 634 ad
1500 600 1604 634 fidem
1625 601 1819 635 convertis-

419 667 478 691 se:
509 658 604 702 quod
622 657 688 692 etsi
707 657 899 693 historicae
925 659 1249 701 ecclesiasticaeque
1267 657 1411 691 veritati
1435 658 1483 691 sit
1509 659 1739 698 contrarium,
1766 664 1818 693 ta-

416 725 499 748 men
517 726 538 748 a
556 714 740 749 Graeculis
758 726 890 761 magno
910 726 1084 750 consensu
1102 718 1156 749 est
1173 718 1366 758 receptum.
1396 714 1530 749 Ruffin.
1550 716 1611 750 lib.
1631 725 1657 750 1.
1678 716 1817 750 Histor.

417 770 624 806 Ecclesiast.
643 783 718 816 cap.
738 781 796 805 XI.
816 772 1007 817 Nicephor.
1027 772 1165 806 Callist.
1184 771 1245 804 lib.
1266 779 1356 804 VIII.
1377 771 1517 806 Histor.
1536 772 1742 807 Ecclesiast.
1762 784 1818 807 ca-

417 829 482 873 pit.
502 837 651 863 XXXIV.
678 833 714 863 et
735 829 990 874 transcripsere
1009 829 1088 863 illos
1106 828 1196 862 Ant.
1215 827 1409 862 Sabellicus
1436 834 1472 862 et
1498 829 1682 864 Gilbertus
1705 830 1817 865 Gene-

416 885 567 920 brardus
582 896 592 926 ;
611 897 700 930 quos
718 897 840 920 omnes
858 886 897 919 in
915 886 1105 920 manifesto
1123 896 1242 919 errore
1261 885 1408 926 versari,
1436 890 1472 920 et
1498 887 1703 931 supradicta
1721 899 1742 921 a
1759 899 1816 921 me

416 944 454 977 iu
472 941 512 977 S.
527 940 712 983 Palladio,
731 948 766 977 et
780 944 817 977 in
831 942 1022 988 Apparatu
1038 943 1136 978 Hist.
1151 943 1253 976 facile
1267 942 1487 977 convincunt
1501 956 1510 986 ;
1531 949 1567 977 et
1580 944 1670 978 illud
1687 956 1759 979 non
1774 945 1818 979 de

415 1000 541 1040 Sectis,
572 1001 633 1034 sed
663 1001 707 1035 de
739 1000 910 1035 Hibernis
944 1001 1216 1048 intelligendum
1251 1000 1378 1034 docent
1413 1001 1522 1035 verba
1557 1000 1811 1048 Martyrologii

416 1057 572 1092 Romani
598 1058 655 1092 die
680 1059 847 1093 laudato:
875 1063 896 1078 ‘⁶
914 1058 959 1093 In
986 1058 1163 1093 Hibernia
1187 1058 1318 1092 natalis
1345 1057 1381 1091 S.
1410 1058 1571 1099 Patricii,
1598 1059 1753 1104 episcopi
1780 1067 1815 1094 et

414 1115 636 1156 confessoris,
676 1116 738 1160 qui
778 1116 917 1161 primus
951 1116 1083 1150 ibidem
1118 1115 1304 1149 Christum
1339 1116 1613 1161 evangelizavit,
1649 1121 1685 1151 et
1715 1128 1815 1151 max-

414 1162 503 1207 imis*
531 1173 713 1208 miraculis
747 1179 782 1208 et
821 1173 1018 1208 virtutibus
1053 1172 1216 1207 claruit.”
1284 1172 1367 1207 Sola
1401 1173 1487 1207 haec
1526 1178 1580 1208 est
1614 1175 1811 1209 auctoritas

413 1242 504 1275 quae
534 1230 737 1265 Hibernum
768 1231 949 1266 convincit
979 1230 1101 1271 fuisse,
1132 1231 1194 1265 sed
1227 1242 1299 1265 non
1333 1231 1455 1277 magni
1487 1242 1528 1265 ea
1554 1232 1739 1272 momenti,
1766 1232 1811 1266 si-

412 1288 557 1333 quidem
589 1288 891 1334 Martyrologium
921 1289 965 1323 de
995 1289 1227 1333 depositione,
1258 1299 1331 1322 non
1360 1288 1548 1333 temporali
1579 1292 1662 1323 ortu
1695 1290 1811 1334 loqui-

413 1351 495 1386 tur;
522 1346 574 1380 ita
599 1345 680 1380 falsi
706 1345 769 1391 qui
796 1357 840 1380 ex
865 1346 932 1380 hoc
956 1346 1032 1380 loco
1060 1345 1279 1380 Hirlandum
1308 1346 1539 1386 contendunt,
1565 1346 1620 1380 uti
1648 1351 1684 1380 et
1710 1346 1810 1382 fabu-

410 1404 541 1438 latores
575 1404 629 1438 illi
663 1404 725 1448 qui
760 1404 798 1437 in
832 1402 959 1437 Galliis
992 1407 1120 1437 natum
1155 1404 1292 1443 volunt,
1323 1414 1345 1436 a
1375 1402 1514 1437 Scotica
1542 1414 1634 1437 nave
1659 1405 1809 1449 piratica

412 1466 476 1496 aut
513 1460 690 1495 Saxonica
727 1461 917 1506 puerulum
952 1461 1035 1495 inde
1070 1461 1251 1496 sublatum
1286 1460 1323 1494 in
1361 1460 1537 1495 Hibernia
1570 1462 1807 1502 divenditum,

411 1520 450 1553 in
466 1519 602 1565 Anglia
619 1519 820 1560 educatum,
838 1530 1027 1564 porcorum
1045 1519 1084 1553 in
1111 1518 1288 1553 Hibernia
1312 1523 1491 1563 pastorem
1518 1530 1582 1553 seu
1607 1519 1805 1560 subulcum,

411 1577 548 1611 Romae
565 1577 796 1618 institutum3
825 1576 1138 1622 quaepugnantia
1154 1576 1262 1610 simul
1279 1576 1401 1610 omnia
1418 1587 1502 1610 vera
1529 1588 1604 1611 esse
1630 1588 1702 1611 non
1726 1588 1808 1621 pos-

410 1640 507 1675 sunt,
545 1638 580 1668 et
610 1634 731 1668 Gallos
762 1634 884 1680 dejicit
914 1644 975 1678 spe
1006 1644 1071 1667 sua
1097 1633 1428 1668 Malmesburiensis
1454 1634 1530 1668 loco
1556 1635 1714 1675 laudato,
1741 1636 1805 1680 qui

409 1703 486 1726 eam
517 1692 720 1737 opinionem
751 1692 855 1726 ridet.
907 1691 984 1726 Nec
1011 1691 1141 1725 desunt
1167 1691 1230 1736 qui
1256 1691 1409 1736 triginta
1436 1692 1539 1726 annis
1566 1692 1604 1726 in
1630 1691 1805 1726 Glastem-

409 1750 579 1795 burgensi
609 1749 778 1783 coenobio
812 1753 1069 1784 commoratum
1102 1760 1184 1783 eum
1218 1748 1358 1794 fingant
1391 1749 1429 1782 in
1463 1748 1610 1795 Anglia.
1674 1748 1718 1783 In
1748 1750 1804 1783 his

409 1808 609 1842 Gulielmus
633 1807 835 1841 Camdenus
863 1808 902 1841 in
929 1807 1095 1841 Britann.
1125 1806 1303 1851 Descript.
1332 1806 1370 1840 in
1401 1805 1535 1852 Belgis,
1564 1807 1674 1852 vulgo
1704 1804 1804 1841 Dor-

408 1863 569 1905 setsffire,
588 1876 669 1911 pag.
689 1873 815 1899 CLVII.
867 1864 936 1898 Sed
954 1864 1129 1898 refellitur
1145 1863 1212 1898 hoc
1229 1863 1343 1903 facile,
1361 1874 1442 1897 cum
1461 1863 1611 1897 seculari
1629 1864 1688 1898 ille
1707 1864 1804 1899 vitae

407 1923 626 1968 professione
643 1933 715 1956 non
737 1923 845 1957 etiam
871 1922 1067 1956 monastica
1092 1921 1292 1966 reperiatur
1317 1921 1441 1967 egisse,
1470 1921 1539 1955 nisi
1565 1921 1659 1955 forte
1683 1922 1803 1957 dicant

406 1982 444 2015 in
463 1981 679 2015 monasteria
695 1980 950 2014 monachorum
969 1980 1141 2014 admissos
1160 1979 1348 2019 seculares,
1373 1979 1469 2023 quod
1486 1990 1560 2013 non
1577 1979 1658 2025 legi.
1711 1978 1803 2014 Sunt

406 2044 527 2073 tamen
545 2038 605 2083 qui
632 2049 714 2072 eum
738 2038 948 2072 canonicum
972 2038 1172 2083 regularem
1198 2036 1308 2070 fuisse
1333 2037 1469 2078 velint;
1498 2036 1535 2070 in
1561 2036 1619 2070 his
1644 2036 1801 2071 Joannes

407 2097 555 2130 'l‘rullus
573 2095 781 2142 Aragonius
798 2095 859 2129 lib.
880 2104 906 2129 1.
933 2094 1071 2129 Histor.
1097 2094 1184 2128 Can.
1211 2093 1302 2140 Reg.
1327 2105 1403 2139 cap.
1428 2103 1464 2128 V.
1492 2095 1587 2139 quod
1611 2099 1647 2129 et
1676 2105 1801 2129 verum

406 2159 508 2194 esset,
538 2165 609 2188 non
636 2158 755 2187 tamen
781 2153 976 2187 monachus
1002 2152 1106 2192 foret,
1133 2163 1214 2185 cum
1242 2152 1402 2186 canonici
1425 2153 1607 2198 regulares
1632 2163 1704 2186 non
1727 2152 1800 2186 sint

405 2211 580 2245 monachi.
638 2210 794 2244 Joannes
818 2210 985 2254 Baptista
1010 2209 1151 2249 Cicada,
1179 2209 1214 2243 S.
1235 2209 1281 2243 R.
1300 2208 1347 2244 E.
1370 2209 1582 2249 cardinalis,
1611 2208 1800 2243 Bernardi-

405 2280 473 2303 nus
491 2268 628 2309 Scotus‚
649 2267 838 2302 Zacharias
856 2267 1053 2307 Ferrerius,
1074 2266 1318 2312 Hieronymus
1341 2266 1564 2306 Mentuatus,
1582 2266 1800 2301 contrarium

403 2327 562 2360 docuere.

417 2405 419 2407 ·
455 2383 647 2428 Utcunque
664 2384 723 2424 sit,
747 2388 840 2417 certe
859 2383 1102 2417 Hibernorum
1121 2386 1175 2416 est
1192 2382 1385 2427 apostolus.
1409 2380 1607 2415 WVernerus
1632 2381 1801 2415 Rolevin-

405 2442 491 2475 chus
505 2442 542 2474 in
558 2440 741 2475 Fasciculo
755 2439 990 2485 Temporum:
1005 2439 1223 2480 “Patriciiis,
1238 2439 1332 2473 filius
1343 2439 1475 2474 sororis
1490 2438 1523 2472 S.
1541 2438 1703 2479 Martini,
1716 2438 1799 2473 mit-
