2060 2848
683 332 858 369 GENTIS
882 331 1158 375 SCOTORUM,
1183 335 1272 369 L113.
1296 335 1391 369 XVI.
1666 337 1730 369 557

349 431 512 466 lesimum
526 439 535 463 ε
566 433 588 449 “
605 423 715 473 Αρῖιά
732 425 930 463 Maclilinas
947 425 1001 463 est
1018 427 1271 464 monasterium
1294 429 1553 470 canonicorum,
1571 430 1631 464 ubi
1649 432 1727 475 qui-

346 488 435 522 escit
452 486 628 531 pretiosus
644 485 713 519 Dei
730 490 869 530 martyr
883 484 1093 525 Rumoldus,
1110 496 1237 531 genere
1255 485 1392 526 Scotus,
1407 485 1468 530 qui
1483 486 1594 520 vitam
1607 488 1730 521 eremi.

348 540 454 577 'ticam
479 543 610 576 ducens
636 542 724 575 inibi
747 542 1002 587 martyrizatus
1029 546 1093 575 est.
1146 541 1227 576 Hoc
1251 546 1370 576 autem
1396 542 1661 583 monasterium,
1686 544 1730 578 ab

347 599 562 644 antiquitate
588 602 842 638 constructum,
869 598 1049 644 regalibus
1074 598 1321 633 emolumentis
1346 599 1500 633 maxime
1525 605 1729 645 augmenta-

345 656 456 691 tum.''
481 655 631 690 Arnold.
645 655 814 689 Mirman.
827 654 954 689 Theat.
967 655 1136 689 Convers.
1149 654 1254 689 Gent.
1267 660 1288 674 ‘⁶
1300 655 1477 689 Rumoldo
1490 660 1644 696 auctore,
1658 656 1729 691 Da*

344 713 436 747 vidis
454 712 592 747 Scotiae
608 713 701 758 regis
719 711 802 753 filio,
820 712 1093 746 Machlinienses
1111 712 1235 747 inserti
1249 716 1333 746 sunt
1350 711 1528 747 Christo.''
1564 712 1648 747 Non
1666 725 1728 749 rex

345 771 402 805 hic
423 770 553 810 David,
579 770 641 804 sed
663 769 757 815 regis
776 768 870 803 filius
893 773 956 803 aut
978 768 1100 810 frater,
1124 774 1166 803 ut
1189 769 1273 803 alibi
1297 769 1496 813 probatum.
1547 769 1604 804 Jo.
1624 770 1727 805 Gual.

344 833 407 862 ter.
426 836 463 861 v.
482 836 543 862 eL.
562 827 601 861 in
619 826 750 861 Chron.
769 825 934 860 Chronic.
961 831 1047 861 tom.
1076 834 1136 860 111.
1162 837 1243 871 pag.
1263 834 1390 859 MD111.
1422 831 1444 846 “
1461 826 1497 860 S.
1525 827 1725 862 Rumoldus

343 884 626 929 archiepiscopus
638 883 708 917 fuit
720 894 765 917 ex
775 882 927 918 Scotia.”
962 883 1147 917 Constant.
1163 882 1271 917 Ghin.
1287 894 1367 928 pag.
1384 892 1477 917 X111.
1514 888 1535 903 “
1549 884 1673 919 Passio
1690 884 1726 919 S.

342 941 526 981 Rumoldi,
539 940 727 975 Scotorum
742 940 838 986 regis
851 940 947 975 filii.'’
991 939 1089 974 Haec
1102 940 1329 984 probatorum
1344 945 1529 974 auctorum
1546 941 1725 975 sufficiunt

342 998 557 1038 testimonia,
567 1003 609 1032 ut
619 1002 718 1042 puto,
732 996 775 1031 ad
789 997 1006 1041 probandam
1020 996 1056 1030 S.
1071 996 1240 1030 Rumoldi
1254 997 1404 1040 patriam
1418 1008 1489 1031 non
1502 997 1724 1038 Hiberniam,

342 1056 403 1089 sed
421 1054 574 1089 Scotiam
593 1054 713 1088 fuisse.
764 1053 871 1088 Addo
888 1055 1004 1088 locum
1020 1054 1214 1088 doctissimi
1231 1052 1383 1087 Auberti
1399 1053 1527 1088 Miraei
1542 1055 1579 1089 in
1595 1055 1723 1100 Geogr.

343 1112 438 1146 Eccl.
454 1116 475 1131 “
486 1111 523 1145 S.
535 1111 746 1150 Rumoldus,
761 1110 1072 1144 Machliniensium
1086 1111 1124 1144 in
1138 1110 1263 1156 Belgio
1276 1115 1458 1154 patronus,
1471 1110 1542 1145 fuit
1554 1111 1725 1145 Dumbla-

341 1169 460 1203 nensis
477 1169 515 1202 in
532 1167 651 1202 Scotia
667 1168 862 1212 episcopus,
880 1177 952 1201 non
969 1166 1198 1201 Dublinensis
1216 1167 1256 1200 in
1275 1166 1460 1201 Hibernia.
1499 1167 1724 1213 Argumenta

341 1230 425 1260 sunt
442 1225 598 1272 insignia
614 1225 715 1271 regni
733 1224 881 1264 Scotiae‚
899 1235 990 1268 quae
1006 1224 1081 1258 suis
1100 1224 1285 1270 gentilitiis
1303 1224 1341 1257 in
1358 1225 1490 1269 clypeis
1513 1225 1637 1265 mixta,
1663 1226 1724 1259 ho-

340 1284 466 1327 dieque
479 1286 655 1327 usurpant
668 1281 896 1315 Machlinien.
910 1281 1194 1325 archiepiscopi.'’
1220 1280 1323 1315 Clare
1337 1281 1470 1315 Molan.
1484 1281 1645 1316 Indiculo
1658 1282 1719 1316 SS.

342 1340 461 1385 Belgii
479 1347 583 1374 LXII.
601 1349 645 1372 ex
663 1349 705 1373 ea
720 1342 822 1382 parte
839 1338 975 1372 Scotiae
992 1348 1082 1382 quae
1100 1337 1203 1372 hodie
1222 1337 1396 1372 Hibernia
1412 1338 1553 1372 dicitur.
1599 1338 1722 1373 Vitam

340 1397 450 1442 hujus
467 1396 583 1430 obiter
599 1395 747 1441 attingit
765 1394 937 1441 Sigebert.
956 1394 1216 1429 Gemblacensis
1233 1395 1293 1429 lib.
1312 1395 1355 1428 de
1368 1393 1445 1429 Vir.
1460 1394 1632 1430 Illustrib.
1647 1408 1722 1441 cap.

340 1454 474 1498 penult.
489 1457 524 1487 et
535 1452 753 1487 Teutonicus
768 1456 891 1486 auctor
904 1462 1112 1496 anonymus,
1126 1463 1230 1496 quem
1245 1451 1442 1486 Latinitate
1455 1452 1601 1487 donavit
1613 1453 1637 1486 J
1639 1464 1720 1487 oau-

340 1522 402 1545 nes
415 1510 592 1549 Dominis,
606 1513 728 1553 pastor
740 1507 970 1548 Waurianus‚
983 1509 1080 1553 quod
1092 1519 1181 1553 opus
1195 1508 1374 1542 Bruxellis
1388 1509 1519 1553 prodiit
1531 1519 1541 1549 ;
1560 1514 1595 1543 et
1609 1509 1723 1544 Theo-

338 1568 477 1602 doricus
499 1565 703 1605 monachus,
731 1569 767 1599 et
792 1564 899 1599 abbas
916 1564 952 1598 S.
971 1564 1162 1606 Trudonis,
1186 1570 1228 1600 ut
1251 1570 1335 1600 tom.
1355 1574 1426 1599 V11.
1453 1565 1560 1600 habet
1585 1565 1721 1601 Surius.

338 1624 506 1668 Epitome
524 1623 600 1669 ejus
618 1622 713 1666 apud
730 1621 907 1656 Francise.
928 1621 1121 1662 Haraeum,
1139 1623 1194 1668 cuj
1201 1633 1240 1656 us
1259 1622 1344 1656 haec
1361 1626 1445 1656 sunt
1462 1623 1569 1656 verba
1584 1632 1592 1655 :
1618 1627 1640 1642 “
1662 1623 1722 1657 Ab

337 1691 461 1716 occasu
478 1681 568 1715 alter
584 1690 673 1724 pene
691 1678 786 1713 orbis
804 1678 1004 1720 Britannia,
1023 1690 1104 1713 cum
1121 1680 1303 1724 adjacente
1320 1678 1448 1719 Scotia,
1466 1680 1528 1724 qui
1542 1680 1663 1713 statim
1682 1685 1720 1714 ut

337 1737 381 1771 ab
399 1737 494 1770 illius
512 1736 733 1770 aeternitatis
751 1736 823 1770 sole
841 1736 927 1770 tacti
949 1741 1045 1777 sunt,
1073 1737 1125 1770 illi
1143 1736 1209 1770 sub
1226 1736 1353 1770 umbra
1371 1736 1447 1781 ejus
1465 1747 1570 1780 quem
1589 1737 1722 1775 deside->

336 1794 463 1828 rabant
479 1793 707 1838 requiescere,
725 1792 785 1826 isti
811 1793 857 1827 ad
880 1793 1041 1827 ardorem
1064 1804 1176 1837 usque
1198 1793 1361 1837 martyrii
1385 1792 1643 1827 festinaverunt
1668 1793 1720 1826 in-

336 1851 516 1889 calescere,
534 1854 570 1883 et
586 1849 775 1882 stridentia
791 1849 1062 1894 anhelantiaque
1080 1850 1187 1883 verba
1204 1850 1242 1883 in
1260 1850 1359 1883 dulce
1377 1849 1489 1883 crucis
1507 1851 1614 1883 melos
1632 1850 1719 1886 didi-

336 1911 460 1940 cerunt
477 1905 682 1951 infringere.
734 1904 838 1938 Unde
855 1909 974 1939 autem
991 1905 1058 1939 hoc
1075 1910 1148 1940 tam
1166 1907 1236 1939 late
1261 1906 1430 1939 diffusum
1453 1906 1717 1951 germinarium‚

336 1963 404 1997 nisi
422 1962 507 2007 quia
524 1963 561 1996 in
578 1972 700 1996 eorum
717 1961 881 1995 cordibus
907 1963 1113 1996 coaluerunt
1139 1962 1222 1996 Iesu
1243 1962 1378 1996 Christi
1403 1973 1503 1996 amor
1527 1967 1562 1996 et
1585 1963 1717 1996 deside-

335 2021 428 2054 rium
443 2019 460 2053 ἶ)
511 2019 673 2053 Assentit
691 2019 730 2052 in
747 2018 814 2052 hoc
831 2018 1046 2063 Herbipolis‚
1064 2019 1217 2064 gloriosa
1233 2019 1401 2063 martyris
1420 2018 1554 2052 Kiliani
1579 2020 1715 2054 meritis

335 2082 369 2111 et
395 2086 550 2120 corpore,
577 2086 641 2109 nec
665 2075 783 2109 minus
806 2085 919 2119 prona
941 2074 1127 2109 Scotorum
1153 2077 1279 2110 talium
1305 2081 1341 2110 et
1366 2081 1546 2110 tantorum
1572 2081 1712 2120 patrum

335 2134 488 2180 gloriosa
525 2132 772 2167 veneratione:
807 2131 1048 2166 Columbanus
1082 2131 1235 2172 Italiam,
1270 2132 1439 2166 Bertinus
1473 2137 1509 2166 et
1541 2132 1713 2167 WVinocus

335 2193 516 2225 illustrant
545 2189 793 2224 occidentalem
823 2189 986 2227 Galliam,
1020 2193 1055 2223 et
1085 2189 1357 2223 innumerabiles
1388 2190 1448 2222 alii
1478 2189 1552 2223 suis
1582 2190 1714 2234 quique

335 2250 371 2282 in
401 2248 496 2287 locis,
526 2247 586 2291 qui
618 2246 712 2280 vitae
742 2246 942 2280 sinceritate
969 2249 1005 2279 et
1031 2245 1110 2279 fidei
1139 2246 1344 2291 integritate
1377 2246 1508 2279 multos
1538 2246 1583 2279 ad
1608 2246 1715 2291 justi,-

334 2306 420 2339 tiam
451 2304 629 2343 erudiunt,
660 2308 694 2337 et
723 2303 824 2346 quasi
854 2303 975 2337 stellae
1004 2301 1143 2348 fulgent
1167 2302 1205 2335 in
1230 2303 1449 2337 aeternitate.
1500 2302 1559 2336 Ex
1585 2303 1712 2337 horum

336 2372 495 2401 numerO,
522 2371 566 2394 ex
589 2361 654 2394 hoc
677 2360 771 2394 orbis
794 2364 908 2394 terrae
931 2359 1165 2393 remotissimo
1188 2360 1328 2405 angulo,
1355 2359 1488 2393 Beatus
1515 2359 1712 2393 Rumoldus

333 2418 508 2452 emicuit.”
534 2417 585 2452 Et
598 2417 718 2462 paucis
730 2417 938 2462 interjectis:
953 2420 974 2435 “
985 2415 1045 2449 Ex
1058 2416 1166 2462 regali
1178 2416 1341 2460 prosapia
1354 2416 1473 2450 extitit
1486 2416 1655 2450 oriundus
1671 2417 1712 2454 il-v

994 2475 1015 2506 2
1035 2480 1061 2505 H
