2118 2854
387 331 450 361 2360
778 329 1008 362 HISTORIA
1033 328 1403 362 ECCLESIASTICA

879 480 1150 515 HENRICUS.
1205 479 1287 515 680.

392 599 619 638 Hnmueus,
658 598 850 632 monachus
885 596 1149 636 Benedictinus,
1185 600 1220 630 et
1254 596 1352 640 prior
1388 595 1600 637 Calcoensis‚
1645 597 1779 632 Graece

392 656 588 700 Latineque
615 655 850 694 doctissimus,
877 655 940 688 diu
965 654 1003 687 in
1029 653 1166 694 Galliis,
1199 652 1412 694 Germaniis,
1444 653 1620 699 Italiaque
1650 655 1776 695 haesit,

393 714 569 747 Politiano
595 717 630 746 et
648 712 811 747 Marsilio
838 712 962 746 Ficino
987 710 1185 750 familiaris,
1211 716 1253 745 ut
1270 711 1367 745 illius
1386 711 1570 756 Epistolae
1588 717 1777 747 testantur.

391 771 550 815 Scripsit,
576 775 618 804 ut
642 770 680 804 in
706 769 967 803 Scotichronico
992 768 1155 809 habetur,
1188 773 1224 803 et
1249 773 1374 803 extant
1399 769 1437 802 in
1462 769 1675 804 bibliotheca
1702 770 1778 803 Me-

392 829 498 867 dicea,

535 885 590 918 De
608 885 721 918 Beata
738 883 888 929 Virgine
906 894 1030 917 versus
1049 882 1201 918 Graecos
1327 884 1388 918 lib.
1409 894 1433 918 1.
1487 883 1690 918 Florentiae
1716 896 1780 928 pu-

582 942 739 981 blicavit,
757 946 793 975 et
810 941 1007 975 Laurentio
1027 941 1159 975 Medici
1178 942 1371 986 inscripsit.

535 999 734 1033 Palladium
753 999 932 1033 Rutilium
950 999 993 1032 de
1012 998 1066 1032 Re
1085 998 1236 1032 Rustica
1254 998 1391 1033 Scotice
1409 998 1519 1032 vertit
1536 997 1597 1032 lib.
1618 1007 1710 1031 xl11.

536 1056 716 1101 Synopsin
733 1057 936 1091 herbariam
1036 1055 1098 1090 lib.
1119 1065 1143 1090 1.
1162 1056 1295 1090 editam
1314 1056 1498 1101 Lugduni.

538 1113 719 1158 Excerpta
736 1126 755 1148 e
772 1114 969 1148 Columella
988 1119 1023 1148 et
1040 1112 1202 1148 Varrone
1301 1113 1362 1147 lib.
1383 1122 1408 1146 1.
1457 1112 1526 1147 Est
1554 1112 1632 1147 MS.
1661 1113 1776 1148 Bono-

583 1171 663 1205 niae
680 1172 718 1205 in
736 1172 897 1206 interiori
914 1171 1127 1206 bibliotheca
1145 1170 1473 1205 Dominicanorum.

439 1229 577 1263 Floruit
595 1240 688 1263 anno
708 1238 920 1263 Mcnxenl.

941 1343 1094 1379 HUGO.
1148 1344 1230 1379 681.

388 1461 520 1501 HUGO,
552 1461 738 1495 Michaelis
770 1460 866 1494 Scoti
897 1460 1051 1500 auditor,
1082 1471 1166 1493 mox
1201 1458 1433 1494 Carmelitani
1468 1461 1603 1495 ordinis
1635 1461 1776 1494 illustre

386 1519 495 1559 sidus,
538 1519 698 1553 omnium
729 1529 794 1552 suo
823 1518 941 1552 seculo
975 1517 1310 1552 mathematicorum
1344 1517 1582 1558 doctissimus,
1626 1517 1779 1552 Airense

386 1576 592 1610 coenobium
610 1576 673 1609 diu
690 1576 794 1615 rexit,
813 1579 849 1609 et
866 1575 1010 1619 scripsit
1716 1590 1733 1624 5-

532 1632 587 1666 De
604 1632 755 1667 Judiciis
774 1632 1019 1666 Nativitatum
1129 1631 1189 1666 lib.
1211 1641 1235 1666 1.
1288 1632 1365 1667 MS.
1393 1633 1431 1667 in
1458 1633 1654 1668 Petaviana
1678 1631 1778 1666 bibli·

584 1690 718 1724 otheca.

533 1748 588 1782 De
606 1746 866 1793 Conjunctione
885 1747 1115 1781 Planetarum
1373 1748 1433 1782 lib.
1455 1757 1479 1781 1.

534 1805 589 1839 De
607 1804 846 1838 Revolutione
863 1808 959 1838 certa
977 1804 1165 1838 Stellarum
1372 1805 1434 1840 lib.
1456 1815 1480 1839 1.

532 1862 587 1897 De
605 1871 680 1896 XII.
699 1861 874 1896 Domibus
893 1861 1112 1896 Coelestibus
1371 1862 1432 1897 lib.
1453 1872 1478 1896 1.

534 1920 606 1955 Pro
622 1919 829 1965 Astrologia
1374 1920 1435 1954 lib.
1456 1929 1481 1954 1.
1500 1921 1643 1965 prodiit.

532 1977 748 2023 Apologiam
767 1988 832 2022 pro
850 1988 886 2011 se
1372 1978 1432 2012 lib.
1454 1987 1478 2011 1.

439 2035 579 2070 Floruit
593 2046 687 2069 anno
703 2043 902 2069 Meecxm.
950 2035 1127 2069 Ultimum
1147 2046 1236 2080 opus
1250 2034 1327 2069 MS.
1348 2036 1385 2069 in
1405 2035 1613 2076 Petaviana,
1627 2035 1692 2070 hac
1706 2037 1778 2080 epi-

387 2094 541 2138 graphe:
571 2097 593 2112 “
611 2092 779 2138 Hugonis
798 2092 893 2127 Scoti
912 2092 1122 2138 Apologia.”

764 2207 1063 2242 GULIELMUS
1090 2206 1258 2241 HAIUS.
1312 2206 1394 2243 682.

389 2322 637 2356 GULIELMUS
667 2322 785 2357 Haius
814 2322 1035 2363 Gaureanus,
1064 2323 1326 2357 eruditissimus
1353 2334 1418 2357 suo
1444 2327 1601 2367 tempore
1629 2323 1776 2357 Parisiis

389 2379 575 2422 professor,
593 2380 704 2414 edidit

535 2436 578 2471 In
596 2435 751 2472 Statium
769 2437 961 2483 Papinium
980 2437 1093 2473 Notas
1372 2437 1431 2472 lib.
1454 2446 1478 2470 1.
