2060 2848
443 520 945 576 HISTORIAE
989 521 1754 577 ECCLESIASTICAE

735 634 1017 684 GENTIS
1056 633 1456 682 SCOTORUM

910 754 1095 794 LIBER
1125 755 1289 795 XVIII.

806 888 842 923 S.
871 888 1045 923 TANCO
1072 888 1117 923 E.
1145 889 1226 924 AB.
1283 892 1389 924 1105.

398 987 434 1020 S.
455 986 601 1020 TANCO
619 997 682 1020 seu
700 985 821 1025 Tatto,
840 985 1034 1019 monachus
1058 985 1325 1024 Benedictinus,
1352 986 1460 1021 abbas
1479 985 1797 1027 Amarbaricensis,

398 1044 506 1089 Gasp.
526 1043 725 1078 Bruschius
747 1044 785 1077 in
803 1042 987 1088 Catalogo‚
1007 1042 1146 1078 Albert.
1166 1043 1359 1078 Crantzius
1377 1044 1439 1078 lib.
1460 1053 1485 1078 1.
1506 1043 1695 1088 Metropol.
1721 1055 1796 1088 cap.

398 1110 486 1136 XXI.
506 1102 588 1142 fuit,
615 1107 656 1135 ut
674 1113 715 1135 ea
732 1100 894 1135 ferebant
917 1101 1044 1141 secula,
1069 1102 1126 1135 vir
1149 1102 1388 1141 doctissimus,
1413 1102 1564 1147 diligens
1589 1102 1796 1135 ecclesiasti-

397 1171 457 1194 cae
475 1159 663 1205 dignitatis
681 1159 898 1198 observator,
916 1158 1060 1192 tandem
1085 1159 1270 1203 episcopus
1293 1158 1499 1199 Verdensis,
1526 1169 1694 1204 magnam
1718 1159 1795 1192 doc-

396 1218 523 1256 trinae,
541 1217 714 1262 majorem
732 1215 944 1253 sanctitatis,
963 1215 1166 1259 opinionem
1184 1216 1340 1260 reliquit.
1394 1215 1495 1250 Inter
1508 1220 1648 1250 sanctos
1662 1217 1794 1250 relatus

395 1287 415 1308 a
442 1274 607 1319 pontifice
633 1273 700 1307 sub
727 1272 918 1306 Harrucho
944 1273 1108 1317 episcopo
1133 1272 1308 1307 Verdensi
1337 1282 1424 1306 vlu.
1452 1284 1533 1307 cum
1561 1273 1636 1317 ipse
1666 1273 1793 1307 tertius

394 1332 531 1366 fuisset.
575 1330 768 1375 Appendix
786 1330 830 1363 ad
849 1329 1084 1375 Martyrolog.
1105 1329 1273 1363 Usuardi.
1318 1329 1459 1364 Colitur
1476 1330 1532 1364 die
1551 1338 1643 1364 XIII.
1659 1330 1793 1364 Febru-

394 1391 471 1429 arii,
492 1389 667 1423 Krantzio
685 1393 785 1428 teste,
804 1388 861 1421 vel
874 1396 960 1421 XVI.
978 1385 1163 1421 Arnoldus
1178 1386 1299 1421 Uvion
1312 1387 1372 1421 lib.
1390 1397 1450 1421 111.
1468 1387 1574 1433 Lign.
1590 1386 1696 1422 Vitae
1710 1398 1790 1433 pag.

393 1456 483 1481 12111.
503 1447 563 1481 lib.
582 1447 625 1480 de
643 1445 831 1490 Episcopis
850 1445 1049 1484 Germanis,
1067 1444 1091 1478 J
1093 1456 1224 1479 oannes
1243 1444 1411 1480 Leslaeus
1430 1445 1490 1480 lib.
1516 1454 1548 1479 V.
1601 1444 1750 1489 Scripsit

540 1504 583 1538 In
602 1504 721 1538 omnia
739 1502 941 1549 Evangelia
1286 1503 1347 1537 lib.
1369 1513 1393 1536 1.

441 1562 582 1596 Claruit
599 1561 665 1595 sub
683 1560 856 1594 Conuallo
874 1559 923 1593 ΙΙ.
942 1571 1025 1605 rege
1043 1570 1136 1593 anno
1155 1568 1333 1594 DCCCXX.
1360 1561 1503 1605 quando
1522 1560 1661 1600 obierit,
1681 1561 1791 1594 incer-

391 1626 480 1654 tum.
532 1618 638 1652 Alius
658 1617 816 1657 Tancho,
835 1617 871 1651 S.
892 1616 986 1651 Galli
1005 1616 1210 1651 monachus.
1265 1617 1473 1664 Sangalleus
1493 1618 1531 1650 in
1557 1616 1644 1651 Vita
1670 1617 1787 1651 Caroli

391 1677 517 1722 Magni
536 1676 596 1710 lib.
618 1685 642 1708 1.
662 1686 737 1719 cap.
757 1684 878 1708 XXXI.

776 1790 810 1823 S.
839 1789 1154 1824 THEODORUS
1180 1791 1227 1825 A.
1285 1790 1388 1824 1106.

388 1914 408 1926 ‘-
428 1907 463 1941 S.
484 1906 751 1947 TIIEODORUS,
771 1906 957 1940 Scotorum
976 1905 1272 1950 archiepiscopus,
1290 1918 1312 1940 a
1330 1905 1513 1940 Vitaliano
1531 1917 1623 1951 papa
1641 1907 1685 1940 ad
1704 1907 1786 1942 Sco-

388 1966 475 1998 tiam
494 1964 681 2003 directus?
700 1963 750 1998 ait
764 1962 900 1997 Anton.
918 1962 1133 1998 Possevinus
1147 1963 1323 2008 Apparat.
1343 1963 1439 1998 Sacr.
1454 1974 1536 2010 pag.
1555 1973 1783 1998 CCLXXXN.

385 2023 548 2056 comitem
579 2021 705 2055 habuit
734 2020 937 2055 Adrianum
968 2020 1142 2055 abbatem.
1201 2020 1399 2055 Hermann.
1436 2020 1617 2055 Contract.
1650 2021 1782 2056 Chron.

386 2081 430 2112 ad
460 2090 593 2113 annum
625 2087 830 2113 DCLXVIII.
861 2079 924 2122 qui
953 2082 1074 2112 tamen
1104 2077 1307 2124 Anglorum
1338 2078 1640 2123 archiepiscopum
1670 2081 1783 2114 nomi-

386 2143 448 2171 nat
479 2148 572 2170 anno
603 2144 804 2170 DCLXXIV.
836 2140 878 2169 ut
907 2135 1065 2179 suspicer
1095 2136 1211 2179 primo
1242 2135 1426 2182 Angliam,
1466 2136 1592 2170 deinde
1627 2136 1781 2171 Scotiam

385 2195 429 2228 ab
465 2206 505 2227 eo
544 2194 716 2239 adjutam,
756 2197 791 2226 et
825 2192 906 2226 fidei
941 2193 1096 2226 sincerae
1130 2193 1304 2227 imbutam
1340 2194 1529 2239 dogmatis.
1595 2193 1781 2228 Marianus

385 2252 511 2285 Scotus
530 2251 589 2284 lib.
611 2260 653 2284 11.
681 2255 796 2285 aetate
815 2259 869 2284 VI.
897 2261 990 2284 anno
1010 2259 1178 2284 DCLXVI.
1208 2255 1229 2270 “
1247 2250 1458 2285 Theodorus
1485 2251 1780 2295 archiepiscopus.

385 2314 418 2342 et
450 2307 633 2341 Adrianus
661 2307 779 2347 abbas,
811 2307 867 2341 vir
897 2318 1007 2351 aeque
1035 2307 1272 2347 doctissimus,
1299 2320 1319 2342 a
1345 2307 1530 2342 Vitaliano
1560 2319 1651 2352 papa
1682 2309 1780 2341 missi

387 2367 423 2399 in
471 2364 708 2404 Britanniam,
757 2365 928 2409 plurimas
980 2365 1142 2399 ecclesias
1192 2364 1393 2410 Anglorum
1445 2365 1625 2399 doctrinae
1677 2366 1780 2398 eccle-
