2060 2848
707 313 938 346 HISTORIA
962 313 1341 346 ECCLESIASTICA.
1631 314 1714 346 ‘573

483 406 664 441 Homiliae
681 407 724 440 de
742 406 881 441 Sanctis
1215 407 1276 441 lib.
1296 415 1321 439 1.

383 464 523 498 Floruit
540 474 632 497 anno
651 471 837 497 DCXXXV.
885 463 967 497 Etsi
989 463 1027 496 in
1050 463 1147 497 nullo
1169 462 1423 508 martyrologio
1440 462 1624 507 reperitur,
1650 474 1711 497 no-

335 524 462 555 strates
480 524 599 554 tamen
617 530 765 564 semper,
783 524 823 553 ut
848 519 887 554 in
909 523 1112 553 sanctorum
1134 519 1254 553 album
1277 519 1480 563 ascriptum,
1505 523 1588 553 sunt
1611 530 1713 554 vene-

334 578 415 617 rati,
441 577 641 621 templaque
664 575 741 610 Deo
766 577 833 611 sub
855 576 1076 611 invocatione
1098 575 1211 619 ipsius
1234 579 1422 609 erexerunt
1446 580 1481 609 et
1503 576 1657 620 plurima
1679 582 1714 610 et

333 634 511 678 opulenta,
529 637 719 677 antequam
738 633 996 667 haereticorum
1013 632 1178 666 immanis
1194 631 1295 667 furor
1318 633 1419 666 aedes
1443 643 1557 666 sacras
1580 638 1616 667 et
1638 633 1716 667 reli-

333 691 454 736 giosae
475 690 711 734 ·antiquitatis
742 693 972 724 monumenta
1005 689 1243 723 exstinxisset.
1305 688 1444 723 Colitur
1469 697 1540 723 vn.
1567 689 1713 734 Aprilis.

337 746 638 792 Martyrologium
657 745 908 792 Anglicanum.

694 859 730 893 S.
757 858 1026 894 SERVANUS
1052 859 1097 893 E.
1123 858 1201 893 ΑΡ.
1256 861 1360 894 1030.

337 975 371 1008 S.
389 974 606 1009 SERVANUS
623 974 818 1019 episcopus,
836 978 872 1008 et
889 974 1068 1008 Orcadum
1085 973 1280 1018 episcopus,
1303 973 1346 1007 de
1363 984 1434 1018 quo
1458 973 1481 1007 J
1483 985 1613 1008 oannes
1630 975 1716 1010 Les-

337 1033 432 1065 laeus
456 1031 517 1065 lib.
538 1039 591 1064 IV.
619 1030 758 1065 Histor.
782 1030 875 1065 Scot.
901 1041 982 1076 pag.
1001 1038 1190 1063 cxxxvn.
1240 1029 1438 1074 Polydorus
1454 1029 1629 1076 Virgilius
1653 1032 1712 1066 lib.

339 1096 398 1121 111.
418 1087 516 1121 Hist.
534 1086 685 1132 Anglor.
704 1097 785 1133 pag.
806 1095 923 1121 Lvln.
967 1091 989 1107 “
1005 1086 1110 1120 Juvit
1135 1086 1231 1120 istud
1252 1086 1434 1131 negotium
1455 1097 1520 1131 pro
1537 1098 1601 1121 sua
1617 1093 1717 1132 parte

338 1148 372 1178 et
391 1143 612 1178 Coelestinus
631 1143 815 1178 Romanus
832 1143 1005 1188 pontifex,
1022 1143 1085 1187 qui
1102 1143 1208 1186 paulo
1233 1146 1315 1176 ante
1338 1143 1483 1177 miserat
1499 1143 1537 1176 in
1554 1142 1718 1184 scotiam,

334 1201 411 1246 jam
431 1200 567 1234 Christi
585 1201 715 1246 dogma
739 1201 1019 1244 amplectentem,
1046 1199 1245 1232 Palladium
1269 1199 1482 1243 episcopum,
1508 1201 1569 1244 qui
1595 1200 1639 1233 ad
1661 1211 1720 1234 ex-

340 1265 494 1292 tremum
512 1257 550 1291 in
568 1268 609 1290 ea
626 1257 877 1290 sacerdotalem
895 1257 1054 1290 ordinem
1071 1255 1138 1288 rite
1156 1255 1326 1295 instituit,
1344 1254 1496 1299 fecitque
1513 1255 1718 1297 Servanum,

340 1314 457 1348 virum
489 1313 662 1359 singulari
691 1313 849 1347 bonitate
874 1324 914 1347 ac
938 1312 1111 1347 modestia
1135 1312 1346 1356 praeditum,
1372 1312 1584 1356 episcopum,
1614 1324 1720 1357 quem

339 1376 461 1416 postea
485 1371 524 1405 in
549 1369 703 1404 Orcades
728 1370 838 1409 misit,
864 1370 927 1414 qui
952 1369 1133 1403 insulanos
1150 1368 1373 1402 Christianae
1389 1368 1568 1414 religionis
1585 1371 1721 1404 cultum

340 1429 490 1467 doceret,
516 1426 611 1471 quod
636 1427 696 1460 ille
721 1426 877 1460 studiose
907 1425 1021 1460 fecit-’¹
1073 1425 1181 1459 Hunc
1209 1425 1317 1459 etiam
1345 1426 1444 1459 nulla
1468 1427 1722 1472 martyrologia

340 1486 378 1519 in
397 1488 600 1518 sanctorum
617 1494 766 1517 numero
791 1483 985 1528 ascriptum
1009 1482 1184 1522 habeant3
1211 1486 1340 1521 tamen,
1364 1486 1406 1516 ut
1431 1483 1600 1527 superior,
1624 1494 1722 1527 prae-

340 1543 445 1586 cipua
461 1541 687 1574 veneratione
705 1551 725 1573 a
741 1540 960 1574 nostratibus
977 1549 1116 1583 semper
1132 1538 1321 1578 colebatur,
1339 1538 1482 1573 aedibus
1500 1540 1608 1573 sacris
1631 1551 1723 1574 erec·

341 1599 399 1639 tis,
417 1602 453 1632 et
469 1597 599 1631 festiva
616 1597 866 1636 recordatione,
892 1595 1203 1639 ecclesiasticisque
1226 1594 1346 1629 officiis
1372 1595 1576 1631 honoratus.
1627 1596 1723 1631 Huic

342 1655 517 1701 Georgius
557 1654 725 1688 Brounus
765 1653 948 1698 episcopus
988 1652 1268 1687 Duncheldensis
1304 1653 1476 1696 templum
1512 1653 1723 1688 Petkarniae

343 1711 543 1757 parochiale
568 1711 701 1745 dicavit
726 1710 818 1744 circa
843 1721 976 1744 annum
1003 1718 1126 1743 MDXI.
1152 1707 1356 1743 Alexandro
1374 1708 1477 1743 Millo
1501 1714 1598 1744 teste.
1647 1710 1723 1745 Au·

343 1769 462 1802 diatur
502 1767 636 1801 Hector
673 1767 846 1801 Boethius
884 1766 946 1800 lib.
985 1775 1053 1799 xv.
1094 1765 1232 1799 Histor.
1263 1765 1398 1800 Scotor.
1433 1777 1513 1812 pag.
1545 1776 1722 1801 cecxvn.

345 1831 365 1845 ‘⁵
384 1825 476 1859 Cum
505 1824 550 1857 ad
578 1825 693 1857 lacum
723 1823 922 1857 venissent”
949 1823 1079 1857 milites
1105 1821 1217 1867 Angli
1248 1821 1426 1856 Baliolum
1456 1824 1577 1864 secuti,
1610 1829 1632 1844 “
1656 1826 1723 1858 col-

344 1884 496 1916 lustrato
542 1880 814 1924 circumquaque
861 1879 936 1913 loco
979 1879 1104 1913 castris
1149 1879 1320 1922 ponendis
1367 1879 1503 1919 idoneo,
1549 1882 1720 1924 templum

344 1938 439 1972 Divo
477 1937 633 1971 Servano
671 1947 821 1976 sacrum,
861 1946 901 1969 ac
934 1935 1181 1970 coemeterium
1216 1940 1398 1979 occupant,
1433 1935 1652 1981 nefandaque
1685 1938 1722 1971 in

344 2007 384 2030 eo
422 1996 497 2029 loco
534 1993 690 2038 plurima
731 1992 969 2032 committunt,
1012 1996 1127 2026 scorta
1169 1991 1208 2025 in
1246 1992 1378 2036 templa
1418 1992 1639 2033 adducentes,
1683 2005 1723 2028 ac

345 2051 508 2087 omnibus
550 2050 757 2084 libidinibus
803 2050 1108 2088 commaculantes,
1159 2059 1266 2093 equos
1317 2048 1361 2082 ad
1403 2059 1481 2082 aras
1527 2049 1722 2095 affigamus,

346 2114 382 2143 et
414 2108 509 2153 quod
547 2107 623 2141 Deo
656 2107 811 2140 dicatum
849 2109 923 2139 erat
961 2105 1210 2139 contumeliose
1243 2104 1477 2146 defoedantes,
1510 2116 1610 2141 sacra
1642 2118 1722 2151 pro-

346 2165 498 2210 fanaque
532 2164 639 2210 juxta
675 2162 868 2197 habendo.'’
930 2161 1108 2196 orcadum
1150 2162 1382 2206 episcopatus,
1429 2162 1474 2196 ab
1514 2174 1556 2198 eo
1596 2163 1722 2199 funda-

348 2228 418 2262 tus,
435 2222 599 2268 religioso
617 2230 697 2254 eum
724 2219 822 2253 cultu
847 2218 1082 2263 prosequitur,
1101 2218 1277 2262 episcopio
1294 2218 1326 2251 ei
1344 2218 1514 2254 dedicato.
1568 2219 1722 2255 Joannes

350 2278 528 2319 Leslaeus,
564 2282 598 2312 et
633 2276 775 2311 annales
810 2285 930 2310 omnes
959 2278 1133 2310 nostrates
1171 2285 1340 2309 consensu
1376 2276 1546 2311 unanimi.
1608 2276 1722 2322 Scrip-

347 2336 394 2369 sit
