2060 2848
646 326 821 360 GENTIS
844 324 1121 362 SCOTORUM,
1146 325 1235 357 LIB.
1261 325 1342 357 XII.
1627 324 1691 356 479

312 422 549 460 Illuminatus,
577 420 711 455 Actum
737 419 967 453 Serbonicum
995 418 1182 458 instituit‚”
1209 429 1279 462 quo
1302 418 1393 451 nihil
1418 417 1629 451 laboriosius
1650 416 1685 450 S.

311 479 488 524 theologia
513 478 709 512 candidatis
735 476 809 511 suis
837 476 1000 519 imponit.
1055 474 1191 509 Anton.
1220 475 1402 509 Possevin.
1429 473 1565 518 Appar.
1592 473 1688 507 Sacr.

310 546 389 581 pag.
418 543 455 568 D.
481 535 543 579 qui
569 535 650 568 licet
674 533 826 578 patriam
853 537 978 572 taceat,
1005 543 1080 566 eam
1099 536 1218 566 tamen
1238 532 1412 575 expressit
1429 531 1690 565 illustrissimus

309 592 487 626 Robertus
505 591 743 625 Bellarminus
760 590 821 624 lib.
840 591 883 624 de
900 589 1139 634 scriptoribus
1156 588 1425 623 Ecclesiasticis.
1466 593 1487 608 “
1506 587 1691 622 Maronius

308 648 513 682 scholastica
541 649 737 682 eruditione
763 648 1098 692 praestantissimus,
1127 651 1161 680 et
1187 646 1225 679 in
1251 646 1382 679 divinis
1412 646 1597 690 scripturis
1627 656 1691 678 suo

308 710 465 749 tempore
482 704 735 739 clarissimus.''
771 705 861 739 Sixt.
876 704 1019 738 Senens.
1034 704 1094 738 lib.
1111 712 1165 737 IV.
1181 703 1389 737 Bibliothec.
1405 703 1522 737 Sanct.
1559 702 1691 735 Paulus

310 761 469 808 Langius
485 762 673 808 Cygnaeus
692 763 729 795 in
741 762 905 796 Chronic.
925 761 1094 795 Citizensi
1112 771 1193 805 pag.
1208 768 1399 793 Deccxm.
1420 765 1441 779 “
1460 759 1540 794 Viri
1557 759 1693 804 sapien-

309 823 373 858 tes,
399 819 461 863 qui
479 819 544 852 hoc
562 823 719 862 tempore
736 818 877 863 scriptis
894 817 1102 857 floruerunt,
1120 817 1248 851 Franc.
1268 816 1440 857 Maronis,
1463 817 1597 851 ordinis
1622 815 1691 850 Mi-

309 887 448 917 norum,
466 876 599 910 Doctor
617 875 876 909 Illuminatus.’'

924 874 1016 920 Ejus
1034 879 1118 909 sunt
1131 884 1139 908 :

455 932 717 967 Commentaria
733 933 770 966 in
790 941 843 966 lv,
862 931 990 965 Libros
1008 930 1105 965 Sent.
1292 931 1352 965 lib.
1373 939 1398 965 Ι.

455 989 680 1029 Quodlibeta,
698 989 960 1028 Formalitates,
1291 988 1352 1022 lib.
1374 998 1399 1022 1.

457 1046 511 1079 De
529 1047 644 1090 primo
662 1046 843 1089 Principio
1295 1046 1354 1079 lib.
1375 1055 1401 1079 1.

455 1103 510 1136 De
528 1103 762 1146 Expositione
780 1102 983 1135 divinorum
1003 1100 1199 1135 Nominum
1295 1102 1356 1136 lib.
1378 1111 1402 1136 Ι.

454 1159 508 1193 De
526 1159 785 1193 Univocatione
1293 1161 1354 1194 lib.
1374 1169 1399 1194 Ι.

455 1216 767 1262 Quadragesimale
1294 1218 1356 1251 lib.
1376 1227 1400 1251 1.

456 1273 640 1307 Sermones
658 1273 701 1306 de
719 1272 857 1306 Sanctis
1295 1275 1355 1308 lib.
1376 1283 1401 1308 1.

456 1331 622 1364 Postillae
649 1330 934 1364 Annotationum
961 1331 999 1364 in
1031 1334 1143 1365 totam
1170 1341 1305 1365 sacram
1336 1331 1555 1375 Scripturam
1582 1332 1640 1366 lib.
1671 1341 1694 1365 1.

505 1388 676 1421 memoria
693 1387 833 1432 dignae,
851 1388 902 1421 ait
921 1386 1043 1421 Sixtus
1063 1387 1240 1422 Senensis.

456 1444 512 1478 De
529 1444 750 1478 veritatibus
769 1444 872 1478 Beati
890 1444 1089 1490 Augustini

502 1506 593 1545 part.
614 1511 639 1535 1.
658 1512 738 1546 pag.
760 1509 943 1534 LXXXIII.

456 1558 499 1592 In
517 1558 718 1592 Decretales

1168 1446 1230 1480 lib.
1252 1454 1278 1479 1.
1329 1445 1507 1479 Francisc.
1527 1445 1696 1491 Gonzaga

1290 1559 1350 1593 lib.
1371 1567 1396 1592 Ι.
1449 1558 1596 1593 Ibidem.

456 1614 624 1659 Epitome
642 1626 748 1659 super
765 1614 893 1648 Libros
911 1616 1091 1649 naturales
1109 1614 1315 1650 Aristotelis
1333 1617 1393 1650 lib.
1413 1626 1439 1650 1.
1492 1616 1638 1650 Ibidem.

459 1671 514 1704 De
533 1671 746 1716 Paupertate
766 1670 902 1705 Christi
919 1676 955 1704 et
971 1671 1227 1716 Apostolorum
1294 1674 1354 1707 lib.
1374 1682 1399 1706 Ι.

455 1727 509 1762 De
527 1728 732 1762 Virtutibus
752 1733 786 1762 et
804 1727 912 1762 Vitiis
931 1729 1139 1773 capitalibus
1296 1731 1357 1764 lib.
1378 1739 1402 1763 Ι.

457 1785 512 1818 De
530 1785 702 1819 Articulis
721 1785 822 1819 Fidei
1295 1788 1356 1821 lib.
1376 1798 1400 1822 1.

456 1842 511 1876 De
529 1842 714 1886 Baptismo
1295 1845 1354 1878 lib.
1375 1854 1399 1878 1.

457 1899 511 1933 De
530 1899 744 1933 Humilitate
1296 1902 1355 1935 lib.
1376 1911 1401 1934 1.

457 1956 510 1989 De
529 1956 766 2001 Indulgentiis
1296 1959 1356 1992 lib.
1377 1968 1401 1992 Ι.

459 2013 513 2046 De
531 2013 686 2057 Corpore
704 2012 839 2047 Christi
1297 2015 1356 2048 lib.
1378 2024 1401 2048 1.

457 2070 511 2103 De
529 2070 676 2115 Angelis
1294 2072 1355 2105 lib.
1377 2081 1401 2104 1.

457 2126 510 2160 De
529 2127 714 2172 Suffragiis
732 2126 989 2161 Defunctorum
1295 2129 1354 2162 lib.
1376 2138 1399 2162 1.

458 2183 512 2217 De
532 2184 755 2218 Poenitentia
1295 2186 1355 2219 lib.
1375 2195 1399 2219 1.

459 2241 514 2275 De
531 2241 675 2287 Jejunio
1295 2243 1356 2277 lib.
1376 2252 1400 2276 1.

457 2297 513 2331 De
530 2298 657 2332 ultimo
674 2298 816 2332 Judicio
1294 2300 1354 2334 lib.
1376 2309 1399 2333 1.

460 2355 514 2389 De
532 2360 665 2399 septem
684 2355 796 2389 Donis
815 2355 969 2399 Spiritus
988 2356 1107 2390 Sancti
1125 2355 1185 2390 lib.
1206 2364 1231 2389 1.
1257 2356 1356 2396 Quae
1373 2359 1491 2391 omnia
1509 2359 1565 2392 vel
1583 2358 1694 2393 Vene-

507 2413 567 2446 tiis
586 2413 641 2446 vel
660 2412 819 2446 Basileae
836 2413 1007 2457 prodiere,
1027 2413 1077 2447 ait
1095 2413 1333 2448 Bellarminus
1350 2415 1425 2448 loco
1442 2415 1596 2449 laudato.
