2060 2848
387 327 450 356 448
771 326 1003 359 HISTORIA
1026 326 1398 360 ECCLESIASTICA

388 421 422 454 bi
441 422 533 455 laeta
554 421 658 465 petiit
685 420 857 455 coelum.'’
909 421 1076 466 Corporis
1102 421 1227 455 deinde
1252 420 1504 455 revelationem
1531 420 1683 455 bubulco
1707 421 1779 456 fac-

388 483 472 517 tam,
509 479 789 519 translationem,
826 484 861 513 et
894 479 1159 517 revelationem,
1190 482 1225 511 et
1256 478 1427 511 miracula
1460 478 1667 522 exsequitur
1700 478 1779 513 fuse

387 535 574 583 Usuardus
592 537 630 570 in
648 536 908 582 Martyrologio
926 537 983 570 die
1000 545 1055 570 VI.
1074 535 1097 568 J
1100 546 1223 569 anuar.
1276 539 1297 553 ‘⁵
1316 533 1360 567 In
1376 534 1557 568 territorio
1583 535 1777 570 Rhemensi

386 594 504 637 passio
521 598 662 627 sanctae
679 593 823 627 Macrae
841 594 1002 639 virginis,
1022 604 1113 637 quae
1126 592 1275 637 jubente
1294 591 1501 626 Rictionaro
1519 594 1679 636 praeside
1698 604 1778 627 cum

385 650 561 696 inignem
579 655 670 684 esset
687 652 930 695 praecipitata,
959 655 994 684 et
1020 649 1271 694 permansisset
1297 649 1429 689 illaesa,
1457 649 1583 683 deinde
1610 651 1778 684 mamillis

388 707 563 747 abscissis,
581 713 616 742 et
634 709 797 752 squalore
816 708 963 741 carceris
983 707 1124 746 afflicta,
1152 717 1259 750 super
1285 710 1394 739 testas
1421 707 1529 740 etiam
1555 707 1778 741 acutissimas

387 776 426 798 ac
453 776 585 808 prunas
614 766 785 806 volutata,
815 776 919 799 orans
946 765 1118 810 migravit
1144 764 1187 797 ad
1210 763 1439 797 Dominum.''
1490 763 1626 798 Locum
1649 766 1778 798 mendo

385 822 511 856 liberat
529 821 658 855 Caesar
675 822 854 856 Bai-onius
872 823 917 855 ad
935 822 1188 866 Martyrologii
1216 820 1370 855 Romani
1397 821 1536 855 tabulas
1559 822 1616 856 die
1640 831 1693 856 VI.
1718 822 1778 856 Ja-

384 879 514 919 nuarii,
526 879 588 912 ubi
603 890 667 923 pro
678 877 889 913 Rictionaro
902 880 988 924 legit
1001 876 1121 912 Rictio
1138 877 1177 911 V
1172 889 1260 917 aro;
1283 883 1376 913 recte
1394 878 1489 912 haud
1509 879 1628 919 dubio,
1643 890 1726 913 nam
1740 880 1779 913 in

382 937 458 970 loco
475 937 618 970 laudato
637 936 839 976 Flodoardi,
858 941 893 970 et
911 936 1024 980 capite
1043 936 1150 969 etiam
1169 937 1330 981 sequenti
1349 937 1508 982 ejusdem
1526 936 1620 977 libri,
1638 938 1676 970 in
1694 937 1774 971 MS.

385 994 610 1028 observatum
625 994 675 1027 ita
690 994 862 1037 scriptum
876 1005 951 1028 esse
972 992 1127 1040 [inquit]
1148 993 1323 1039 Georgius
1340 993 1582 1033 Colvenerius,
1593 994 1779 1040 theologus

383 1052 556 1098 egregius.
593 1051 663 1085 Hic
675 1057 727 1085 est
741 1052 799 1085 ille
814 1051 953 1086 Rictius
967 1051 1096 1091 Varus,
1114 1051 1175 1095 qui
1191 1051 1339 1085 immani
1353 1051 1570 1085 truculentia
1584 1052 1622 1085 in
1637 1057 1777 1086 sanctos

383 1108 450 1142 Dei
469 1109 596 1143 saeviit
613 1120 675 1153 per
692 1109 876 1142 universas
895 1108 1039 1148 Gallias,
1058 1109 1159 1154 cujus
1177 1109 1419 1142 miserandum
1447 1109 1634 1142 interitum
1660 1110 1776 1155 legere

382 1171 482 1210 potes
510 1167 547 1199 in
582 1166 773 1199 immortali
804 1177 907 1209 opere
941 1165 1138 1199 Annalium
1174 1165 1506 1200 Ecclesiasticorum
1542 1167 1774 1201 illustrissimi

382 1224 552 1268 principis
572 1223 719 1257 Baronii
738 1224 782 1256 ad
800 1235 933 1256 annum
953 1232 1089 1257 cccl11.
1122 1222 1304 1256 Existimo
1322 1234 1395 1257 uno
1413 1235 1506 1257 anno
1520 1224 1625 1257 citius
1640 1224 1778 1259 Gutha-

381 1293 515 1328 gonum
532 1281 679 1315 fratrem
698 1281 898 1320 excessisse,
917 1280 1091 1325 siquidem
1110 1281 1204 1314 inter
1222 1286 1362 1315 sanctos
1381 1285 1557 1314 nostrates
1584 1282 1643 1315 ille
1669 1281 1776 1315 refer-

382 1345 442 1373 tur
460 1339 525 1373 sub
543 1349 676 1372 annum
695 1347 809 1372 XCIX.
829 1350 849 1371 a
867 1338 991 1371 Jacobi
1010 1337 1168 1382 Cheynei
1187 1338 1329 1377 tabulis,
1347 1342 1388 1371 ut
1406 1338 1467 1371 lib.
1489 1347 1559 1371 Vn.
1579 1339 1725 1379 dictum,
1743 1345 1777 1373 et

382 1396 556 1430 consentit
574 1395 823 1428 Calendarium
843 1394 975 1428 Adami
993 1394 1120 1440 Regin
1150 1399 1184 1428 et
1202 1394 1425 1429 Collectanea
1451 1395 1579 1435 Bruni,
1606 1400 1641 1429 et
1667 1398 1775 1430 conti-

381 1458 511 1487 nuator
528 1452 747 1487 Veremundi
765 1453 803 1485 in
821 1463 955 1486 annum
975 1461 1142 1487 CCXCIX.
1161 1452 1342 1498 rejiciunt,
1360 1452 1455 1497 quod
1480 1464 1523 1486 ex
1542 1452 1685 1487 Macrae
1703 1453 1774 1488 his-

379 1511 471 1545 toria
488 1510 606 1544 verius
624 1520 698 1543 esse
716 1509 949 1543 convincitur.

431 1568 542 1601 Passa
559 1572 612 1601 est
630 1578 723 1600 anno
742 1575 827 1600 ccc.
854 1571 889 1599 et
906 1567 1037 1601 mirum
1061 1578 1144 1601 sane
1167 1568 1322 1612 patriam
1349 1572 1422 1601 tam
1450 1567 1597 1602 illustris
1624 1568 1775 1603 feminae.

380 1636 452 1659 non
471 1636 545 1658 esse
563 1637 583 1658 a
607 1625 807 1659 Flodoardo
833 1634 1060 1668 expressam:
1087 1625 1148 1659 sed.
1174 1624 1271 1659 istud
1298 1624 1405 1659 fatale
1432 1629 1485 1659 est
1513 1624 1652 1659 Scotiae
1676 1638 1773 1660 meae

379 1683 523 1716 malum.

824 1782 859 1816 s,
879 1762 1180 1816 'MACHUTEs
1235 1783 1316 1816 831.

380 1854 415 1888 S.
448 1855 692 1896 MACHUTES,
723 1867 785 1889 seu
816 1856 988 1896 Macutes‚
1020 1868 1082 1890 seu
1109 1856 1320 1896 Maelovius,
1351 1855 1488 1897 Scotus,
1520 1856 1555 1891 S.
1587 1856 1771 1891 Brandani

379 1913 505 1952 socius,
536 1913 720 1957 episcopus
750 1914 787 1947 in
818 1913 946 1953 Scotia,
977 1914 1038 1947 sed
1066 1914 1168 1960 cujus
1198 1915 1265 1948 loci
1297 1926 1369 1948 non
1397 1914 1592 1948 observavi.
1647 1914 1771 1959 Inepte

379 1968 403 2002 J
405 1981 535 2003 oannes
554 1969 784 2004 Generbrand
802 1983 823 2005 a
841 1970 961 2005 Leidis
980 1972 1241 2006 Carmeli-tanus
1260 1972 1320 2006 lib.
1336 1981 1360 2005 Ι.
1373 1971 1457 2006 Chr.
1474 1972 1575 2018 Belg.
1592 1984 1666 2017 cap.
1682 1981 1769 2006 le.

379 2030 399 2045 “
410 2025 446 2060 S.
460 2027 632 2072 Mag-utus
646 2033 817 2072 perpetuo
835 2029 937 2074 virgo
951 2029 989 2062 in
1002 2028 1137 2074 Anglia
1149 2029 1240 2063 vixit
1254 2030 1284 2070 ;''
1303 2030 1345 2063 de
1359 2041 1429 2074 quo
1444 2029 1649 2076 Sigebertus
1665 2029 1769 2064 Gem-

377 2083 548 2118 blacensis
567 2085 603 2117 in
622 2085 824 2120 Chronico:
852 2091 872 2105 “
892 2086 971 2120 Hoc
994 2091 1153 2130 tempore
1177 2087 1215 2120 in
1241 2086 1359 2121 Scotia
1386 2087 1600 2121 Brandanus
1627 2088 1766 2128 claruit,

378 2141 438 2184 qui
458 2141 674 2176 Fortunatas
693 2142 832 2177 Insulas
851 2144 1047 2188 septennali
1065 2145 1294 2190 navigatione
1312 2145 1506 2189 requirens,
1532 2146 1645 2178 multa
1663 2145 1770 2179 mira-

378 2199 456 2232 culo
474 2199 582 2244 digna
599 2200 712 2240 vidit;
740 2212 760 2234 a
783 2213 854 2245 quo
880 2201 1054 2242 Macutes‚
1081 2202 1142 2246 qui
1169 2206 1204 2236 et
1230 2202 1427 2242 Maclovus,
1453 2202 1667 2248 regulariter
1685 2203 1768 2236 edu-

377 2260 486 2295 catus,
505 2261 540 2290 et
561 2257 672 2300 ipsius
699 2258 938 2304 navigationis
965 2259 1090 2299 socius,
1114 2260 1152 2292 in
1176 2259 1366 2293 Britannia
1391 2260 1580 2293 sanctitate
1607 2263 1642 2293 et
1663 2260 1767 2294 mira-

380 2313 468 2346 culis
495 2314 645 2354 claruit3
675 2316 736 2359 qui
763 2328 784 2349 a
807 2316 992 2350 Britannis
1019 2317 1268 2356 exacerbatus,
1286 2317 1335 2350 eis
1361 2318 1453 2350 male
1471 2317 1574 2350 dictis
1599 2318 1767 2351 transivit

378 2371 423 2403 ad
441 2370 584 2411 Gallias,
605 2376 639 2405 et
657 2372 722 2406 sub
740 2372 890 2407 Leontio
909 2373 1105 2408 Santonum
1125 2374 1287 2418 episcopo
1305 2375 1418 2407 multo
1445 2379 1603 2418 tempore
1623 2374 1765 2408 virtuti-

378 2427 444 2461 bus
476 2428 612 2463 claruit.
678 2429 870 2464 Britannos
902 2441 996 2471 vero,
1033 2436 1178 2475 propter
1213 2442 1312 2465 suam
1344 2432 1625 2466 maledictionem
1657 2433 1766 2466 variis
