2060 2848
677 315 853 349 GENTIS
877 313 1153 353 SCOTORUM‚
1176 314 1265 346 LIB.
1290 314 1372 347 XII.
1660 313 1722 344 459

484 411 635 446 Decreta
652 410 901 445 Ecclesiastico.
1223 407 1284 441 lib.
1303 417 1329 441 1.

480 468 540 502 Ad
557 467 734 502 Ecclesias
753 467 908 501 Scoticas
1221 465 1282 499 lib.
1302 474 1328 498 1.

484 525 665 570 Epistolas
684 525 729 559 ad
746 525 904 558 diversos
1221 522 1282 557 lib.
1302 531 1328 555 1.

383 583 550 617 Florebat
567 594 661 616 anno
679 589 849 616 CDXLIV.
901 580 978 615 Alii
995 580 1034 615 in
1051 581 1157 615 aliam
1182 584 1335 614 aetatem
1360 579 1537 625 rejiciunt,
1563 578 1624 612 sed
1650 589 1720 611 non

336 641 498 675 admitto.
550 639 838 674 Scotichronicon
856 643 1007 673 mortem
1024 639 1100 684 ejus
1118 639 1209 672 locat
1226 638 1265 671 in
1282 647 1416 670 annum
1434 644 1572 670 ceceL.

804 753 841 788 S.
868 752 1128 788 MODANUS.
1179 750 1262 790 869.

336 870 371 904 S.
403 870 612 904 MODANUS
639 869 839 914 episcopus,
864 869 926 902 sed
951 869 1053 914 cujus
1078 868 1157 908 loci,
1186 868 1372 907 incertm,
1403 870 1504 900 tanta
1529 866 1717 900 vetustatis

336 927 491 973 injuria;
520 927 666 961 Medani
684 926 812 971 prioris
830 926 941 960 frater
957 936 1160 972 germanus,
1182 929 1225 959 ut
1242 925 1387 959 dictum.
1439 923 1583 958 Celebre
1609 924 1721 968 ipsius

335 984 405 1019 fuit
432 984 627 1019 Brechinae
657 994 796 1023 nomen,
825 988 867 1017 ut
896 987 1050 1017 testatur
1076 982 1100 1016 J
1102 993 1232 1017 oannes
1262 982 1464 1016 Fordunus.
1524 982 1720 1026 Scripserat

337 1042 503 1086 plurima,
530 1042 591 1075 sed
614 1040 768 1075 refertur
791 1044 932 1074 tantum
953 1039 1170 1084 superfuisse
1186 1044 1269 1074 ante
1294 1047 1436 1074 centum
1461 1039 1721 1085 quinquaginta

338 1110 460 1139 annos,

483 1155 539 1189 De
556 1154 727 1200 Episcopi
745 1154 870 1189 Officio
1188 1154 1249 1189 lib.
1269 1163 1329 1189 111.

385 1213 527 1247 Floruit
545 1223 638 1246 anno
656 1221 816 1246 DXXXV.
844 1213 911 1252 vel,
937 1219 979 1246 ut
1004 1213 1082 1247 aliis
1108 1213 1228 1257 potius
1254 1213 1407 1252 videtur,
1433 1223 1526 1246 anno
1553 1219 1718 1245 DCCCIII.

338 1270 438 1305 Inter
456 1275 595 1305 sanctos
612 1274 792 1314 receptum
810 1269 933 1304 scribit
949 1269 1106 1304 «Ioannes
1123 1270 1292 1304 Leslaeus
1309 1270 1369 1304 lib.
1390 1278 1444 1304 lv.
1462 1280 1544 1316 pag.
1564 1277 1719 1303 Cvan.

339 1327 459 1363 Uvion
478 1327 538 1362 lib.
559 1336 601 1361 11.
619 1338 701 1373 pag.
723 1335 868 1370 cnxm.

759 1441 795 1476 S.
822 1441 1169 1477 MELCHIADES.
1222 1444 1304 1480 870.

340 1561 361 1577 “
379 1556 416 1591 S.
439 1556 733 1597 MELCHIADES‚
759 1557 817 1590 vir
843 1567 887 1591 ex
912 1555 1031 1591 Scotia
1057 1557 1240 1598 oriundus,
1267 1558 1312 1592 ob
1336 1558 1560 1592 sanctitatem
1586 1558 1721 1602 conspi-

339 1614 458 1654 cuus‚’'
476 1614 668 1648 secundum
688 1614 935 1648 auctoritatem
954 1614 1120 1648 Hectoris
1137 1614 1280 1648 Boethii
1302 1615 1363 1649 lib.
1382 1623 1456 1648 ΧΗ.
1483 1613 1621 1649 Histor.
1640 1614 1722 1648 Sco-

338 1671 396 1706 tic.
428 1682 509 1717 pag.
541 1679 707 1705 CCLXIV.
736 1673 895 1715 sepultus
925 1672 963 1705 in
991 1672 1157 1706 coenobio
1186 1671 1452 1712 claravallensi,
1482 1672 1604 1706 eodem
1633 1682 1722 1716 pene

339 1734 496 1773 tempore
514 1740 584 1773 quo
602 1728 676 1763 fato
694 1729 799 1763 cessit
815 1728 861 1763 D.
881 1729 1097 1769 Bemardus,
1120 1729 1188 1763 loci
1205 1730 1303 1763 illius
1321 1730 1458 1774 primus
1475 1729 1595 1763 abbas.
1647 1728 1722 1763 Isto

338 1787 477 1820 nullum
508 1786 692 1820 clariorem
722 1790 846 1820 nostra
869 1797 957 1832 gens
982 1787 1089 1820 tulit:
1116 1786 1271 1821 ediderat
1297 1786 1437 1820 infinita
1461 1787 1659 1821 sanctitatis
1687 1792 1721 1820 et

340 1843 519 1877 doctrinae
537 1844 743 1888 plenissima
760 1854 877 1887 opera,
896 1844 957 1877 sed
975 1848 1116 1878 tantum
1134 1843 1302 1877 celebrari
1316 1844 1437 1877 audivi
1451 1844 1546 1888 apud
1560 1843 1721 1877 Theodo-

340 1901 467 1940 ricum,

488 1956 543 1990 De
561 1958 722 2003 legitima
740 1957 837 1991 Petri
858 1957 1038 1992 Cathedra
1054 1963 1178 1992 contra
1195 1957 1436 1992 schismaticos
1515 1958 1576 1991 lib.
1596 1966 1621 1991 1.

388 2014 520 2048 Vivere
537 2014 642 2048 desiit
659 2025 752 2048 anno
771 2023 902 2048 Mcxx.

805 2128 841 2162 S.
869 2127 1118 2164 MODOCUS.
1172 2131 1255 2167 871.

338 2244 375 2279 S.
395 2244 594 2278 Monoens
612 2244 712 2284 alter,
732 2247 767 2277 et
785 2243 879 2277 vitae
896 2243 1113 2288 professione
1139 2248 1173 2278 et
1200 2250 1358 2289 tempore
1377 2256 1398 2278 a
1423 2250 1590 2290 sequente
1615 2246 1719 2292 longe

340 2302 513 2341 diversus,
531 2301 707 2345 siquidem
726 2312 806 2335 cum
825 2301 883 2334 ille
901 2300 1056 2335 Culdeus
1074 2305 1214 2335 tantum
1229 2306 1331 2341 esset,
1345 2301 1403 2335 hic
1415 2298 1598 2347 episcopus
1611 2302 1721 2337 fuisse

338 2359 555 2402 perhibetur,
571 2357 728 2400 Medani,
746 2357 904 2398 Modani‚
921 2363 956 2392 et
971 2357 1127 2392 Euchini
1141 2359 1383 2404 episcoporum
1397 2360 1562 2404 aequalis.
1606 2359 1721 2404 Scrip-

338 2416 386 2449 sit
