2060 2848
708 261 883 294 GENTIS
908 261 1182 301 SCOTORUM,
1206 261 1295 295 LIB.
1320 263 1420 296 XIX.
1692 264 1755 297 679

421 355 695 390 Eucharisticon
711 354 861 389 Alberto
880 354 1074 389 Archiduci
1091 356 1152 390 lib.
1171 365 1197 390 1.
1247 356 1362 392 Duaci
1380 361 1416 391 et
1432 356 1595 392 Lovanii.

421 413 528 447 Actio
546 412 761 446 Scholastica
779 412 822 445 de
839 411 875 445 S.
895 411 1089 446 catharina
1104 413 1166 447 lib.
1187 422 1213 447 1.
1263 414 1440 448 Lutetiae.

423 470 592 503 Poemata
608 469 652 503 de
669 468 705 502 S.
725 468 866 502 Thoma
882 468 1065 513 Aquinate
1082 470 1143 503 lib.
1162 479 1188 502 1.
1239 470 1399 505 Tolosae.

419 525 631 560 Acrosticha
647 526 691 559 de
708 524 875 570 Europae
893 525 1119 570 Principibus
1137 526 1197 560 lib.
1217 535 1243 561 Ι.
1294 527 1421 561 Duaci.

422 583 466 617 In
483 582 731 617 Elizabetham
748 581 902 628 Angliae
920 582 1096 628 Reginam
1113 583 1173 616 lib.
1194 592 1219 616 Ι.
1271 583 1396 617 Duaci.
1439 584 1519 623 Quo
1530 594 1633 628 opere
1644 584 1754 631 Angli

470 640 697 673 vehementer
719 639 843 673 offensi
866 640 988 674 turbas
1012 640 1243 680 concitarunt,
1268 641 1329 674 sed
1351 642 1560 676 auctoritate
1582 642 1754 676 ecclesias-

468 697 539 730 tica
556 696 758 740 compressi.

422 754 553 788 Lessus
572 752 718 787 Henrici
743 752 808 788 IV.
833 753 1029 787 Galliarum
1056 753 1166 800 Regis
1191 754 1252 788 lib.
1280 763 1306 788 1.
1330 755 1462 799 prodiit
1486 754 1650 790 Lutetiae
1674 768 1752 790 cum

468 811 547 844 aliis
564 810 721 856 ejusdem
739 810 951 856 argumenti,
969 821 1050 856 pag.
1069 820 1183 844 Keix.

422 867 642 912 Lachrymae
659 868 705 901 ad
728 867 987 901 Timoleontem
1010 867 1206 913 d’Espinay
1222 868 1426 903 Sanlucium
1444 870 1482 903 in
1499 869 1639 904 Funere
1657 870 1753 904 Uxo-

469 925 518 958 ris
536 924 596 959 lib.
617 934 642 958 1.
695 924 842 958 Parisiis
859 929 894 958 et
912 923 1092 970 Lugduni.

419 981 600 1016 Judicium
625 983 667 1015 de
692 981 855 1016 omnibus
881 981 1041 1015 omnium
1068 981 1237 1016 Gentium
1267 987 1303 1017 et
1325 982 1543 1028 Temporum
1563 984 1752 1018 Historicis

469 1039 530 1073 lib.
551 1047 577 1073 1.
629 1039 789 1072 Parisiis.

422 1095 702 1141 Cosmographia
719 1096 851 1129 dictata
867 1095 1153 1140 frequentissimo
1172 1095 1363 1131 Auditorio
1413 1098 1473 1132 lib.
1494 1106 1519 1131 1.
1570 1097 1727 1131 Parisiis.

420 1152 536 1187 Notae
554 1153 592 1186 in
610 1152 803 1197 Sphaeram
821 1152 882 1186 lib.
902 1162 927 1186 1.
979 1152 1217 1187 Francofurti.

420 1209 590 1244 Politicae
604 1209 826 1250 Parecbases,
841 1215 1066 1253 nuncupatae
1079 1209 1285 1244 Alexandro
1303 1210 1491 1252 Razivillo‚
1511 1211 1670 1255 Principi
1688 1210 1755 1245 Po-

468 1268 561 1307 lono,
580 1266 733 1300 auditori
752 1277 826 1306 suo,
846 1266 906 1300 lib.
927 1276 954 1300 1.
1006 1266 1164 1300 Parisiis.

421 1323 622 1368 Epinicion,
640 1335 704 1358 seu
720 1323 862 1358 Victrix
880 1323 1102 1364 Academiae,
1120 1324 1182 1358 lib.
1201 1333 1226 1358 1.
1278 1323 1455 1359 Lutetiae.

420 1380 548 1415 Musca
564 1381 625 1415 lib.
645 1390 671 1415 1.
725 1380 890 1415 Lutetiae
907 1387 962 1416 ter
979 1381 1084 1415 edita.

420 1437 674 1472 Genethliacon
691 1438 861 1483 Delphini
880 1438 1061 1478 Franciae,
1079 1449 1172 1472 nunc
1190 1438 1300 1485 Regis
1317 1439 1490 1473 Ludovici
1508 1438 1616 1474 XIII.
1646 1440 1705 1474 lib.
1727 1450 1751 1473 I.

469 1495 625 1529 Flexiae.

420 1552 475 1586 De
493 1552 731 1588 Inundatione
748 1551 949 1598 Anglicana
998 1552 1058 1586 lib.
1079 1561 1104 1585 Ι.
1156 1551 1311 1586 Flexiae.

421 1609 531 1643 Troia
561 1608 748 1649 Hetrusca,
779 1620 842 1643 seu
873 1609 1033 1643 Gamelia
1061 1608 1217 1643 Ludicra
1248 1610 1287 1643 in
1315 1608 1544 1653 Sponsalibus
1579 1609 1752 1654 Principis

470 1666 612 1707 Urbini,
632 1666 692 1700 lib.
713 1676 738 1700 1.
791 1666 1003 1701 Florentiae.

420 1722 555 1757 Votum
573 1723 729 1767 Scipioni
747 1723 958 1769 Burghesio,
977 1723 1012 1756 S.
1032 1723 1077 1756 R.
1096 1722 1142 1757 E.
1161 1723 1352 1763 Cardinali,
1371 1723 1431 1757 lib.
1451 1731 1476 1756 1.
1527 1723 1672 1757 Romae.

420 1779 587 1813 Bandum
606 1779 826 1815 Medicaeum
844 1780 904 1814 lib.
925 1788 950 1812 1.
1001 1779 1213 1813 Florentiae.

421 1837 588 1871 Licitatio
606 1836 853 1871 Professorum
870 1837 930 1871 lib.
950 1846 976 1870 1.
1029 1836 1134 1870 Pisis.

422 1893 704 1939 Epigrammata,
723 1893 880 1940 Elegiae,
899 1894 1007 1933 Odae,
1031 1892 1224 1937 Epistolae‚
1244 1892 1358 1937 Epica
1376 1892 1553 1933 Carmina,
1580 1893 1686 1927 variis
1715 1894 1753 1927 in

394 1980 409 1995 ,
470 1951 556 1986 locis
574 1951 752 1995 variisque
770 1951 884 1985 causis
904 1950 1035 1994 scripta
1053 1955 1088 1984 et
1105 1951 1209 1989 edita,
1233 1961 1322 1994 quae
1346 1950 1451 1984 simul
1475 1950 1662 1994 publicare,
1689 1951 1749 1984 ubi

471 2020 535 2053 per
551 2008 664 2042 otium
682 2008 810 2048 licebit,
828 2008 994 2048 decrevit,
1013 2007 1043 2040 si
1063 2012 1180 2041 tamen
1198 2007 1414 2051 posteritatis
1436 2006 1532 2041 fama
1553 2018 1623 2041 non
1648 2012 1751 2040 erunt

473 2065 624 2112 indigni.

424 2123 467 2156 In
485 2122 639 2156 Statium
658 2121 773 2155 Notae
791 2120 896 2155 MSS.
915 2121 975 2154 lib.
995 2130 1020 2154 1.

426 2180 470 2213 In
488 2179 723 2213 Claudianum
741 2178 857 2213 Notae
873 2178 933 2212 lib.
954 2187 978 2211 1.
1031 2177 1185 2211 Flexiae.

424 2237 467 2271 In
485 2236 720 2271 Claudianum
739 2234 1023 2270 Commentarius
1040 2232 1100 2269 lib.
1123 2243 1147 2267 1.
1198 2232 1379 2279 Lugduni,
1397 2237 1432 2268 et
1448 2233 1542 2267 alibi.
