2060 2848
412 321 477 354 576
796 323 1026 357 HISTORIA
1050 322 1421 358 ECCLESIASTICA

814 475 1029 510 THOMAS
1055 474 1256 511 REIDUS.
1309 477 1417 514 1089.

419 589 597 624 THOMAS
615 589 751 624 Reidus
769 589 1046 631 Aberdonensis,
1072 591 1248 635 pueritiae
1270 601 1369 624 meae
1392 595 1428 625 et
1454 590 1630 627 infantilis
1655 591 1720 626 otii
1746 592 1814 626 sub

418 646 560 681 Thoma
593 646 776 694 Carngillo
812 648 956 694 collega,
987 647 1140 682 Lovanii
1173 648 1296 682 literas
1332 647 1372 682 in
1410 648 1530 684 schola
1565 648 1681 694 Lipsii
1721 649 1814 683 serio

418 705 552 744 didicit,
574 715 662 749 quas
687 716 817 751 magno
843 705 987 739 nomine
1012 705 1051 738 iu
1077 704 1270 739 Germania
1294 705 1426 745 docuit,
1453 716 1556 740 carus
1581 706 1813 751 principibus.

420 761 576 796 Londini
612 762 675 796 diu
709 762 747 796 in
778 762 951 796 comitatu
979 761 1230 796 humanissimi
1258 772 1299 795 ac
1328 761 1515 796 clarissimi
1545 763 1616 797 viri
1645 762 1814 798 Fulconis

422 818 596 859 Grevillii,
626 818 717 864 regii
747 817 941 852 consiliarii
964 818 1145 852 interioris
1176 821 1212 851 et
1236 817 1391 864 Angliae
1417 819 1692 864 proquaestoriS‚
1718 820 1815 866 egit;

420 881 498 910 tum
516 876 561 910 ad
578 875 770 909 amicitiam
789 875 895 921 regis,
914 875 1036 909 eodem
1056 874 1217 909 Fulcone
1234 874 1439 915 deducente,
1462 880 1617 917 evectus,
1640 876 1735 910 inter
1755 888 1817 921 pa-

418 933 549 968 latinos
574 933 751 967 admissus
777 943 798 966 a
827 932 941 967 literis
967 931 1108 966 Latinis
1134 932 1210 978 regi
1235 931 1317 966 fuit.
1369 931 1520 977 Scripsit
1543 934 1669 975 multa,
1694 938 1737 968 ut
1763 939 1817 968 est

418 1001 549 1037 magna
565 990 683 1025 indole
701 994 736 1024 et
753 990 855 1025 varia
871 989 1081 1030 eruditione,
1099 989 1161 1023 sed
1178 1000 1244 1035 ego
1261 989 1336 1023 vidi
1353 992 1496 1024 tantum

567 1047 623 1082 De
641 1047 808 1093 Subjecto
826 1046 1089 1092 Metaphysices
1362 1046 1423 1081 lib.
1443 1056 1470 1082 1.

567 1104 623 1139 De
641 1104 783 1139 Natura
799 1103 908 1139 Entis
1362 1104 1425 1139 lib.
1445 1113 1471 1138 1.

621 1162 757 1197 Contra
773 1166 967 1207 utrumque
985 1172 1074 1206 opus
1092 1171 1209 1206 nuper
1225 1161 1368 1206 scripsit
1385 1160 1603 1209 Henningus
1619 1161 1817 1198 Arnisaeus

617 1219 847 1254 Francofurti
866 1230 960 1253 anno
980 1227 1129 1253 MDCXI.

568 1277 813 1312 Historiarum
831 1275 987 1310 Ecbases
1364 1276 1425 1311 lib.
1446 1285 1471 1310 ῐ.

568 1334 808 1380 Panegyricos
825 1334 962 1378 aliquot
1363 1333 1425 1368 lib.
1445 1342 1471 1367 1.

569 1391 689 1426 Vertit
717 1391 878 1425 Psalmos
900 1390 1038 1435 aliquot
1059 1390 1211 1425 Davidis
1229 1390 1503 1436 elegantissime,
1528 1392 1567 1426 in
1592 1393 1817 1428 contentione

617 1460 697 1483 cum
716 1447 936 1482 Buchanano
955 1447 1101 1494 Georgii
1119 1447 1359 1493 Eglisemmii,
1376 1447 1438 1482 lib.
1458 1456 1484 1482 1.

571 1507 704 1541 Omnia
721 1505 833 1551 Regis
849 1505 973 1540 Jacobi
988 1505 1054 1540 VI.
1074 1505 1195 1550 Opera
1211 1504 1344 1539 Latina
1360 1504 1456 1546 fecit,
1474 1510 1509 1541 et
1527 1505 1684 1541 Londini
1702 1507 1820 1552 publi-

619 1564 726 1599 cavit.

471 1624 531 1658 Ex
545 1623 626 1658 aula
639 1633 687 1661 se,
701 1620 842 1654 nemine
856 1620 1007 1660 conscio,
1025 1631 1140 1665 nuper
1152 1619 1341 1664 proripuit,
1356 1620 1441 1654 dum
1459 1620 1511 1654 illi
1526 1621 1646 1655 omnia
1657 1621 1817 1657 festinati

422 1681 568 1716 honoris
579 1683 771 1726 augmenta
782 1677 914 1724 singuli
926 1677 1189 1718 ominarentur3
1209 1688 1274 1711 nec
1291 1678 1379 1722 quid
1391 1678 1518 1712 deinde
1531 1679 1654 1724 egerit,
1669 1684 1733 1714 aut
1746 1691 1817 1725 quo

422 1740 580 1773 locorum
598 1749 635 1771 se
652 1735 853 1774 contulerit,
871 1734 1060 1779 quisquam
1078 1734 1234 1769 indicare
1251 1735 1392 1779 potuit:
1410 1736 1515 1770 multi
1530 1736 1816 1780 suspicabantur,

424 1796 541 1831 taedio
558 1795 659 1829 aulae
677 1793 843 1827 affectum
860 1792 1075 1826 monasticae
1092 1792 1205 1836 quieti
1222 1792 1378 1836 seipsum
1397 1793 1585 1827 tradidisse
1602 1792 1670 1827 sub
1682 1804 1817 1827 annum

426 1861 638 1887 Mncxvnl.
700 1850 841 1884 Rumor
868 1853 993 1894 postea
1017 1848 1099 1889 fuit,
1126 1849 1165 1883 in
1190 1849 1308 1883 aulam
1334 1849 1492 1890 rediisse,
1518 1854 1554 1884 et
1578 1850 1817 1885 meritissimis

424 1909 619 1945 honoribus
637 1908 839 1948 redditum3
866 1906 927 1940 sed
944 1917 1129 1951 nunquam
1155 1905 1193 1940 id
1218 1910 1454 1951 consequetur
1479 1907 1575 1952 quod
1599 1907 1715 1942 virtus
1738 1919 1818 1952 pro-

424 1972 591 2002 meretur.

820 2078 1036 2115 ADAMUS
1061 2079 1261 2115 REGIUS.
1314 2082 1421 2119 1090.

427 2197 609 2232 ADAMUS
639 2195 787 2244 Regius,
819 2197 929 2243 vulgo
959 2195 1081 2243 Kyng,
1111 2194 1421 2242 Edimburgensis,
1455 2195 1558 2231 bonis
1591 2195 1727 2230 artibus
1764 2197 1819 2231 in-

430 2255 700 2295 structissimus,
756 2254 801 2288 ad
852 2254 1064 2288 miraculum
1114 2264 1227 2298 usque
1282 2253 1418 2294 doctus,
1474 2252 1630 2287 maximo
1683 2254 1820 2288 audito-

429 2323 510 2347 rum
569 2322 742 2347 concursu
801 2310 1063 2357 philosophiam
1120 2310 1270 2345 Parisiis
1322 2310 1453 2352 docuit,
1505 2314 1541 2345 et
1594 2310 1820 2345 mathemati-
