2060 2848
685 303 860 337 GENTIS
884 303 1160 342 SCOTORUM,
1183 303 1272 336 LIB.
1296 304 1379 336 XII.
1665 305 1727 337 497

689 452 714 486 J
715 452 913 487 ACOBUS
939 451 1244 487 MELVILLUS.
1295 454 1379 489 944.

342 567 522 602 JAcomss
540 566 733 606 MelvHIus,
751 578 814 601 seu
832 566 1024 606 Melvinus,
1050 570 1085 600 et
1110 567 1187 610 ipse
1210 571 1315 611 poeta
1342 566 1551 601 vernaculus
1569 566 1726 612 ingenio-

343 636 415 664 sus,
433 625 544 659 edidit
561 634 685 668 poema
702 624 768 658 sub
786 624 904 664 titulo,

491 681 674 715 Matutina
690 680 792 715 Visio
817 681 878 715 lib.
899 690 924 715 1.
943 685 979 714 et
996 680 1066 714 alia
1083 680 1207 714 multa.

393 738 494 773 Obiit
511 749 605 772 anno
623 746 755 772 Mnxc.

693 850 937 885 ANDREAS
963 850 1239 885 MELVINUS.
1292 852 1374 888 945.

344 967 378 1000 A
384 975 547 1001 NDREAS
562 966 753 1006 Melvinus,
772 965 965 1009 discipulus
977 965 1121 1010 Georgii
1134 965 1355 1005 Buchanani,
1369 969 1553 1010 poetarum
1567 967 1726 1001 omnium

345 1024 559 1058 nostratium
590 1024 656 1057 hoc
683 1034 770 1057 aevo
798 1022 1073 1061 literatissimus,
1107 1022 1352 1062 suavissimus,
1386 1023 1448 1056 diu
1474 1024 1512 1056 in
1541 1023 1666 1057 Galliis
1692 1028 1728 1058 et

347 1080 547 1114 Germaniis
564 1092 628 1115 ceu
645 1081 821 1124 palaestra
838 1079 955 1112 omnis
973 1078 1117 1111 virtutis
1135 1079 1300 1118 decurrit,
1319 1078 1498 1123 bonasque
1524 1084 1617 1113 artes
1642 1080 1727 1114 libe-

344 1139 467 1172 raliter
491 1137 693 1181 professus3
720 1137 765 1170 ad
790 1135 912 1169 Scotos
939 1146 1021 1168 suos
1047 1135 1171 1175 reduX,
1198 1146 1242 1168 ne
1269 1135 1422 1179 episcopi
1441 1141 1646 1170 crearentur
1662 1148 1727 1181 pro

344 1195 440 1229 virili
458 1195 608 1235 obstitit,
627 1205 737 1238 eoque
762 1193 905 1227 nomine
931 1192 1137 1226 Londinum
1163 1192 1304 1231 citatus,
1330 1192 1432 1226 facile
1457 1193 1502 1226 ab
1527 1192 1727 1239 Anglicano

343 1252 492 1286 concilio
522 1252 566 1285 ad
597 1251 775 1285 Scoticum
806 1250 963 1283 tribunal
987 1249 1080 1283 mira
1104 1249 1266 1283 libertate
1291 1250 1509 1293 provocavit,
1541 1251 1602 1284 sed
1627 1261 1727 1285 cona-

345 1313 386 1343 tu
411 1308 524 1348 irrito,
551 1308 655 1341 datus
680 1307 773 1341 enim
803 1307 847 1340 ad
873 1307 1069 1340 custodiam
1095 1305 1141 1339 D.
1169 1305 1272 1339 Pauli
1295 1306 1435 1346 decano,
1462 1307 1613 1352 indeque
1637 1309 1728 1342 turri

346 1364 564 1399 Londinensi
581 1365 749 1398 inclusus.
797 1363 879 1397 Etsi
902 1363 999 1396 omni
1024 1362 1157 1396 favoris
1184 1363 1278 1406 apud
1304 1373 1422 1407 regem
1450 1374 1510 1407 spe
1536 1365 1727 1407 praeclusa,

346 1427 464 1456 tamen
481 1421 537 1455 sui
555 1432 626 1455 non
643 1425 696 1455 est
715 1421 866 1460 oblitus3
885 1427 920 1454 et
938 1424 1066 1465 negata
1083 1419 1215 1458 charta,
1234 1419 1361 1463 parieti
1376 1424 1492 1453 tamen
1511 1424 1546 1454 et
1559 1422 1727 1455 lateribus

345 1479 542 1512 cultissima
576 1478 836 1523 epigrammata
877 1476 1012 1516 incidit,
1050 1481 1092 1510 ut
1130 1481 1315 1519 appareret
1353 1476 1502 1510 liberum
1545 1477 1727 1523 ingenium

346 1537 466 1570 clauso
483 1545 628 1579 corpore
646 1546 717 1568 non
743 1535 900 1579 potuisse
926 1533 1088 1568 coerceri.
1141 1533 1185 1566 In
1211 1544 1292 1566 eum
1318 1537 1403 1566 tunc
1429 1534 1559 1567 eruditi
1584 1535 1727 1579 quique,

345 1604 426 1627 cum
451 1597 493 1626 ut
519 1592 719 1638 arrogantis
746 1592 900 1625 hominis
927 1591 1112 1625 audaciam
1140 1590 1366 1634 castigarent,
1394 1594 1470 1623 tum
1496 1596 1538 1624 ut
1563 1592 1638 1636 regi
1664 1603 1728 1626 suo

346 1650 534 1694 placerent,
561 1649 695 1693 stylum
725 1648 972 1681 strinxerunt:
998 1647 1036 1680 in
1062 1647 1161 1691 queis
1187 1646 1289 1680 valde
1314 1647 1441 1680 enituit
1467 1646 1615 1682 Joannis
1641 1648 1728 1682 Bar-

344 1705 436 1745 claii‚
460 1705 628 1740 Gulielmi
645 1705 720 1745 filii,
743 1716 902 1744 acumen,
928 1716 1000 1738 uno
1026 1705 1207 1747 alteroque
1233 1703 1437 1737 acutissimo
1462 1705 1724 1750 epigrammate.

345 1761 438 1808 Ejus
455 1767 539 1797 sunt
556 1762 706 1803 infinita,
726 1763 787 1796 sed
804 1773 870 1807 ego
887 1772 999 1805 pauca
1017 1761 1090 1794 vidi
1103 1775 1111 1800 ς
1136 1761 1174 1794 in
1192 1760 1259 1800 his,

492 1818 664 1853 Gathelus
713 1819 774 1853 lib.
809 1828 834 1852 1.
866 1830 991 1863 poema
1020 1818 1202 1851 heroicum
1232 1818 1375 1852 sublimi
1410 1829 1510 1859 vena,
1541 1819 1583 1854 de
1609 1820 1726 1856 Scoto-

541 1886 621 1909 rum
639 1876 678 1909 in
694 1875 885 1909 Albionem
903 1876 1066 1919 appulsu.

492 1932 713 1967 Melviniana
730 1932 902 1976 Superbia
920 1931 980 1965 lib.
1001 1940 1026 1964 1.
1045 1931 1102 1964 cui
1120 1931 1304 1965 exordium
1321 1941 1329 1965 :

605 1995 763 2028 Scotorum,
778 1994 950 2032 Anglorum,
966 1993 1116 2023 Gallorum
1131 2005 1147 2023 a
1162 1995 1302 2033 sanguine
1314 2005 1424 2033 regum,

607 2041 661 2070 Ille
674 2052 727 2080 ego
745 2041 900 2070 Melvinus.

491 2099 774 2133 Declamationes
812 2099 850 2132 in
885 2098 1081 2132 Patricium
1112 2097 1369 2140 Adamsonum,
1411 2099 1725 2146 Archiepiscopum

546 2155 882 2195 Sanctandreanum,
1276 2156 1336 2190 lib.
1357 2165 1382 2191 1.

492 2212 626 2246 Contra
643 2212 838 2256 Episcopos
1278 2214 1338 2248 lib.
1359 2223 1384 2248 1.

496 2269 679 2313 Epistolae
695 2269 740 2303 ad
758 2269 893 2315 Regem
1277 2271 1337 2305 lib.
1358 2280 1383 2306 1.

497 2325 769 2373 Epigrammata
810 2327 909 2361 varia
950 2327 1154 2362 acutissima
1215 2328 1276 2363 lib.
1312 2337 1337 2362 Ι.
1402 2328 1445 2363 In
1479 2329 1534 2364 his
1576 2331 1614 2364 in
1649 2342 1727 2365 arae
