2060 2848
677 333 853 367 GENTIS
877 335 1153 375 SCOTORUM,
1178 337 1268 369 LIB.
1293 337 1369 369 XV.
1653 339 1716 368 543

332 437 415 471 tur;
443 442 484 465 eo
514 430 616 464 enim'
636 439 730 463 anno
759 429 935 473 posterior
963 429 1021 463 hic
1050 430 1150 464 obiit.
1202 429 1355 464 Beatum
1386 431 1508 465 recolit
1539 430 1715 465 Hem-icus

328 487 510 522 Cesterius
538 486 575 520 in
603 484 744 520 Arbore
774 484 995 526 Bertiniana,
1025 490 1061 520 et
1090 485 1239 520 Loci-ius
1273 497 1356 532 pag.
1389 495 1518 521 Lxxx.
1549 487 1714 522 Chronici

332 543 480 589 Belgici.
1586 543 1593 545 ξ

691 637 694 640 ’
740 638 776 692 s.
803 656 1141 697 QUHISLANUS.
1194 656 1302 692 1036.

330 772 366 806 S.
394 773 665 812 Qufflsmmus
690 772 816 807 Scotus
843 772 990 808 eremita
1012 772 1052 807 in
1073 773 1258 817 provincia
1282 773 1447 819 Kyntyre
1472 779 1592 808 sancte
1615 775 1717 814 vixit,

329 835 365 864 et
382 831 504 864 eodem
523 831 560 865 in
578 832 654 865 loco
671 831 875 876 depositus:
900 831 1049 864 incoluit
1068 835 1187 864 autem
1205 831 1333 871 lacum,
1358 842 1464 876 quem
1483 832 1582 876 prius
1601 843 1622 866 a
1640 832 1717 866 viro

330 888 553 923 sanctissimo
571 886 757 923 Killceran
774 888 921 928 dicunt3
950 887 1026 932 ipse
1051 892 1171 921 autem
1188 887 1315 922 habuit
1341 889 1463 922 cellam
1489 889 1529 923 in
1554 889 1720 923 mediter-

329 955 437 979 raneo
455 946 612 991 ejusdem
631 946 740 985 lacus,
758 945 876 979 insula
893 945 1041 986 modica,
1061 956 1152 989 quae
1170 945 1274 978 hodie
1297 946 1510 990 parochialis
1536 950 1589 980 est
1613 947 1718 980 eccle-

328 1003 392 1043 sia,
413 1003 523 1048 vulgo
541 995 794 1050 Kilquht'slan,
815 1002 852 1036 id
870 1006 936 1043 est,
956 1002 1042 1036 cella
1059 1000 1263 1042 Quhislarii.

379 1059 544 1094 Clarebat
562 1071 656 1094 anno
675 1068 812 1094 Mcxn.
864 1058 1005 1093 Colitur
1021 1059 1078 1093 die
1095 1059 1224 1093 ultimo
1241 1058 1386 1094 Octobr.
1431 1059 1622 1095 Nundinae
1639 1062 1717 1095 loci.

330 1116 477 1151 Brunus
495 1128 577 1164 pag.
596 1125 743 1151 xxelx.

799 1230 925 1271 QUIN
928 1230 1093 1265 TINUS.
1148 1233 1254 1268 1037.

329 1347 566 1386 QUIN'HNUS
584 1358 677 1381 unus
695 1358 739 1381 ex
756 1347 800 1381 iis
827 1346 890 1391 qui
910 1345 1010 1381 fatali
1030 1346 1218 1380 Scotorum
1235 1345 1429 1381 calamitati
1446 1346 1562 1386 cessit,
1581 1345 1719 1381 Eduar-

329 1405 374 1438 do
397 1404 552 1450 Angliae
578 1416 661 1450 rege
687 1405 872 1450 tyrannice
898 1403 1064 1443 Scotiam,
1090 1414 1216 1449 regum
1241 1414 1388 1437 suorum
1412 1403 1566 1448 pueritia
1591 1410 1626 1439 et
1651 1405 1719 1438 dis-

330 1462 422 1496 sidio
447 1462 656 1506 expositam,
687 1462 934 1506 opprimente3
962 1466 1047 1495 tunc
1081 1461 1188 1501 enim,
1218 1471 1300 1495 cum
1325 1461 1468 1505 publica
1491 1467 1719 1496 monumenta

329 1521 435 1566 longa
452 1524 643 1564 parentum
661 1530 747 1553 cura
773 1523 980 1553 coacervata
1005 1523 1041 1552 et
1067 1519 1207 1553 erudito
1231 1519 1351 1553 studio
1374 1519 1529 1558 collecta,
1551 1530 1571 1552 e
1594 1518 1719 1554 biblio-

329 1576 441 1611 thecis
459 1580 573 1621 rapta,
591 1576 676 1623 igne
693 1568 997 1617 consumerentur,
1015 1580 1051 1610 et
1068 1575 1201 1610 literati
1218 1576 1351 1620 quique
1375 1576 1414 1609 in
1439 1574 1610 1621 Angliam
1633 1577 1721 1610 rele-

330 1638 514 1680 garentur,
531 1634 590 1668 hic
607 1638 844 1679 spontaneum
863 1632 932 1667 sibi
950 1633 1097 1668 exilium
1114 1633 1257 1673 indixit,
1274 1637 1311 1667 et
1327 1633 1485 1667 Parisios
1501 1643 1540 1667 se
1557 1634 1719 1674 contulit,

330 1691 392 1726 ubi
422 1692 605 1738 egregium
636 1703 658 1726 a
684 1690 890 1726 liberalibus
919 1690 1047 1725 studiis
1079 1701 1209 1726 nomen
1238 1691 1374 1735 patriae
1405 1690 1542 1735 sibique
1572 1691 1719 1735 peperit.

332 1749 483 1793 Scripsit

480 1805 670 1844 Querelam
694 1805 737 1839 de
765 1805 907 1839 Patriae
933 1804 1083 1840 Miseria
1107 1805 1168 1840 lib.
1197 1813 1224 1839 1.
1250 1815 1357 1839 versu
1387 1805 1550 1851 eleganti.
1583 1805 1719 1839 Prodiit

530 1861 698 1896 Lutetiae
714 1862 811 1907 typis
829 1861 1001 1906 Stephani
1020 1862 1172 1896 Balland
1189 1873 1283 1896 anno
1302 1870 1425 1895 MDXI.

381 1919 547 1954 Florebat
566 1930 659 1953 anno
679 1927 863 1953 Mcccxx.
883 1923 946 1953 aut
962 1923 1104 1963 praeter
1121 1923 1277 1963 propter.

731 2190 839 2216 FxNxs
859 2190 969 2216 LIBRI
994 2190 1143 2216 DECIMI
1162 2188 1322 2219 QmN'rI.
