<?xml version="1.0" encoding="UTF-8"?>
<!DOCTYPE html PUBLIC "-//W3C//DTD XHTML 1.0 Transitional//EN"
    "http://www.w3.org/TR/xhtml1/DTD/xhtml1-transitional.dtd">
<html xmlns="http://www.w3.org/1999/xhtml" xml:lang="en" lang="en">
 <head>
  <title>
</title>
<meta http-equiv="Content-Type" content="text/html;charset=utf-8" />
  <meta name='ocr-system' content='tesseract 3.04.00' />
  <meta name='ocr-capabilities' content='ocr_page ocr_carea ocr_par ocr_line ocrx_word'/>
</head>
<body>
  <div class='ocr_page' id='page_1' title='image "./thomaedempster2102dempuoft_0050.png"; bbox 0 0 2060 2848; ppageno 0'>
   <div class='ocr_carea' id='block_1_1' title="bbox 369 338 1384 371">
    <p class='ocr_par' dir='ltr' id='par_1_1' title="bbox 369 338 1384 371">
     <span class='ocr_line' id='line_1_1' title="bbox 369 338 1384 371; baseline 0.001 -2"><span class='ocrx_word' id='word_1_1' title='bbox 369 339 433 370; x_wconf 66' lang='lat'>5372</span> <span class='ocrx_word' id='word_1_2' title='bbox 752 338 984 371; x_wconf 86' lang='lat' dir='ltr'><strong>HISTORIA</strong></span> <span class='ocrx_word' id='word_1_3' title='bbox 1009 338 1384 371; x_wconf 87' lang='lat' dir='ltr'>ECCLESIASTICA</span> 
     </span>
    </p>
   </div>
   <div class='ocr_carea' id='block_1_2' title="bbox 360 432 1768 1573">
    <p class='ocr_par' dir='ltr' id='par_1_2' title="bbox 360 432 1768 1573">
     <span class='ocr_line' id='line_1_2' title="bbox 373 432 1766 480; baseline 0.002 -14"><span class='ocrx_word' id='word_1_4' title='bbox 373 434 418 466; x_wconf 84' lang='lat' dir='ltr'>tis</span> <span class='ocrx_word' id='word_1_5' title='bbox 433 434 562 468; x_wconf 89' lang='lat' dir='ltr'>extulit</span> <span class='ocrx_word' id='word_1_6' title='bbox 575 433 751 467; x_wconf 83' lang='lat' dir='ltr'><strong>laudibus.</strong></span> <span class='ocrx_word' id='word_1_7' title='bbox 792 433 994 467; x_wconf 87' lang='lat' dir='ltr'>Richardus</span> <span class='ocrx_word' id='word_1_8' title='bbox 1013 445 1034 467; x_wconf 92' lang='lat' dir='ltr'>a</span> <span class='ocrx_word' id='word_1_9' title='bbox 1051 432 1087 467; x_wconf 85' lang='lat' dir='ltr'>S.</span> <span class='ocrx_word' id='word_1_10' title='bbox 1106 432 1252 467; x_wconf 80' lang='lat' dir='ltr'>Victore</span> <span class='ocrx_word' id='word_1_11' title='bbox 1269 433 1330 466; x_wconf 92' lang='lat' dir='ltr'>lib.</span> <span class='ocrx_word' id='word_1_12' title='bbox 1347 442 1372 466; x_wconf 90' lang='lat'>1.</span> <span class='ocrx_word' id='word_1_13' title='bbox 1388 432 1599 478; x_wconf 86' lang='lat' dir='ltr'>Exception.</span> <span class='ocrx_word' id='word_1_14' title='bbox 1619 446 1694 480; x_wconf 88' lang='lat' dir='ltr'>cap.</span> <span class='ocrx_word' id='word_1_15' title='bbox 1713 444 1766 469; x_wconf 81' lang='lat' dir='ltr'>IV.</span> 
     </span>
     <span class='ocr_line' id='line_1_3' title="bbox 375 490 1768 537; baseline 0.002 -13"><span class='ocrx_word' id='word_1_16' title='bbox 375 496 394 510; x_wconf 81' lang='lat'>‘⁵</span> <span class='ocrx_word' id='word_1_17' title='bbox 414 491 611 537; x_wconf 83' lang='lat' dir='ltr'>theologiae</span> <span class='ocrx_word' id='word_1_18' title='bbox 630 490 855 525; x_wconf 84' lang='lat' dir='ltr'>Christianae</span> <span class='ocrx_word' id='word_1_19' title='bbox 874 491 1116 525; x_wconf 90' lang='lat' dir='ltr'>inventorem&#39;&#39;</span> <span class='ocrx_word' id='word_1_20' title='bbox 1134 490 1307 533; x_wconf 84' lang='lat' dir='ltr'>celebrat3</span> <span class='ocrx_word' id='word_1_21' title='bbox 1336 491 1403 524; x_wconf 89' lang='lat' dir='ltr'>hoc</span> <span class='ocrx_word' id='word_1_22' title='bbox 1420 496 1484 531; x_wconf 85' lang='lat' dir='ltr'>est,</span> <span class='ocrx_word' id='word_1_23' title='bbox 1509 496 1550 526; x_wconf 90' lang='lat' dir='ltr'>ut</span> <span class='ocrx_word' id='word_1_24' title='bbox 1572 498 1671 536; x_wconf 87' lang='lat' dir='ltr'>puto,</span> <span class='ocrx_word' id='word_1_25' title='bbox 1696 494 1768 537; x_wconf 90' lang='lat' dir='ltr'>pri-</span> 
     </span>
     <span class='ocr_line' id='line_1_4' title="bbox 373 548 1767 595; baseline 0.003 -14"><span class='ocrx_word' id='word_1_26' title='bbox 373 560 452 583; x_wconf 88' lang='lat' dir='ltr'>mus</span> <span class='ocrx_word' id='word_1_27' title='bbox 471 548 623 582; x_wconf 87' lang='lat' dir='ltr'>Graecas</span> <span class='ocrx_word' id='word_1_28' title='bbox 641 548 783 582; x_wconf 88' lang='lat' dir='ltr'>Latinis</span> <span class='ocrx_word' id='word_1_29' title='bbox 802 549 923 582; x_wconf 86' lang='lat' dir='ltr'>literas</span> <span class='ocrx_word' id='word_1_30' title='bbox 942 548 1150 593; x_wconf 86' lang='lat' dir='ltr'>theologicis</span> <span class='ocrx_word' id='word_1_31' title='bbox 1175 548 1368 582; x_wconf 84' lang='lat' dir='ltr'>enodandis</span> <span class='ocrx_word' id='word_1_32' title='bbox 1393 549 1590 595; x_wconf 84' lang='lat' dir='ltr'>conjunxit,</span> <span class='ocrx_word' id='word_1_33' title='bbox 1614 551 1767 594; x_wconf 85' lang='lat' dir='ltr'>primus-</span> 
     </span>
     <span class='ocr_line' id='line_1_5' title="bbox 371 604 1767 653; baseline 0.001 -13"><span class='ocrx_word' id='word_1_34' title='bbox 371 617 439 650; x_wconf 86' lang='lat' dir='ltr'>que</span> <span class='ocrx_word' id='word_1_35' title='bbox 458 607 629 651; x_wconf 87' lang='lat' dir='ltr'>mysteria</span> <span class='ocrx_word' id='word_1_36' title='bbox 646 605 838 646; x_wconf 89' lang='lat' dir='ltr'>Arabibus,</span> <span class='ocrx_word' id='word_1_37' title='bbox 854 605 1009 645; x_wconf 86' lang='lat' dir='ltr'>Graecis,</span> <span class='ocrx_word' id='word_1_38' title='bbox 1025 616 1064 638; x_wconf 90' lang='lat' dir='ltr'>ac</span> <span class='ocrx_word' id='word_1_39' title='bbox 1078 604 1219 638; x_wconf 86' lang='lat' dir='ltr'>Latinis</span> <span class='ocrx_word' id='word_1_40' title='bbox 1238 606 1441 640; x_wconf 86' lang='lat' dir='ltr'>communia</span> <span class='ocrx_word' id='word_1_41' title='bbox 1458 606 1542 641; x_wconf 88' lang='lat' dir='ltr'>fecit</span> <span class='ocrx_word' id='word_1_42' title='bbox 1556 607 1648 642; x_wconf 89' lang='lat' dir='ltr'>fidei.</span> <span class='ocrx_word' id='word_1_43' title='bbox 1686 608 1767 653; x_wconf 87' lang='lat' dir='ltr'>Ipse</span> 
     </span>
     <span class='ocr_line' id='line_1_6' title="bbox 371 661 1766 710; baseline 0.002 -13"><span class='ocrx_word' id='word_1_44' title='bbox 371 675 414 697; x_wconf 84' lang='lat' dir='ltr'>ex</span> <span class='ocrx_word' id='word_1_45' title='bbox 443 664 595 697; x_wconf 84' lang='lat' dir='ltr'>Francia</span> <span class='ocrx_word' id='word_1_46' title='bbox 623 665 660 698; x_wconf 87' lang='lat' dir='ltr'>in</span> <span class='ocrx_word' id='word_1_47' title='bbox 690 663 864 709; x_wconf 85' lang='lat' dir='ltr'>Angliam</span> <span class='ocrx_word' id='word_1_48' title='bbox 896 664 1040 697; x_wconf 87' lang='lat' dir='ltr'>transiit</span> <span class='ocrx_word' id='word_1_49' title='bbox 1070 663 1115 696; x_wconf 91' lang='lat' dir='ltr'>ad</span> <span class='ocrx_word' id='word_1_50' title='bbox 1144 661 1356 696; x_wconf 88' lang='lat' dir='ltr'>Aelfredum</span> <span class='ocrx_word' id='word_1_51' title='bbox 1383 675 1513 710; x_wconf 88' lang='lat' dir='ltr'>regem,</span> <span class='ocrx_word' id='word_1_52' title='bbox 1542 669 1577 699; x_wconf 92' lang='lat' dir='ltr'>et</span> <span class='ocrx_word' id='word_1_53' title='bbox 1603 665 1766 700; x_wconf 89' lang='lat' dir='ltr'>Melduni</span> 
     </span>
     <span class='ocr_line' id='line_1_7' title="bbox 370 719 1765 768; baseline 0.001 -13"><span class='ocrx_word' id='word_1_54' title='bbox 370 733 497 765; x_wconf 85' lang='lat' dir='ltr'>pueros</span> <span class='ocrx_word' id='word_1_55' title='bbox 516 722 691 761; x_wconf 85' lang='lat' dir='ltr'>erudiens,</span> <span class='ocrx_word' id='word_1_56' title='bbox 717 721 762 754; x_wconf 90' lang='lat' dir='ltr'>ab</span> <span class='ocrx_word' id='word_1_57' title='bbox 787 721 912 754; x_wconf 87' lang='lat' dir='ltr'>iisdem</span> <span class='ocrx_word' id='word_1_58' title='bbox 932 721 1104 765; x_wconf 81' lang='lat' dir='ltr'>graphiiS,</span> <span class='ocrx_word' id='word_1_59' title='bbox 1131 731 1194 753; x_wconf 86' lang='lat' dir='ltr'>seu</span> <span class='ocrx_word' id='word_1_60' title='bbox 1218 719 1254 754; x_wconf 85' lang='lat' dir='ltr'>S.</span> <span class='ocrx_word' id='word_1_61' title='bbox 1274 719 1467 755; x_wconf 87' lang='lat' dir='ltr'>Cassianus</span> <span class='ocrx_word' id='word_1_62' title='bbox 1485 723 1586 762; x_wconf 84' lang='lat' dir='ltr'>alter,</span> <span class='ocrx_word' id='word_1_63' title='bbox 1609 723 1713 768; x_wconf 88' lang='lat' dir='ltr'>gravi</span> <span class='ocrx_word' id='word_1_64' title='bbox 1731 729 1765 757; x_wconf 85' lang='lat' dir='ltr'>et</span> 
     </span>
     <span class='ocr_line' id='line_1_8' title="bbox 370 777 1762 827; baseline 0.001 -15"><span class='ocrx_word' id='word_1_65' title='bbox 370 780 494 813; x_wconf 80' lang='lat' dir='ltr'>acerbo</span> <span class='ocrx_word' id='word_1_66' title='bbox 520 783 698 813; x_wconf 89' lang='lat' dir='ltr'>tormento</span> <span class='ocrx_word' id='word_1_67' title='bbox 724 778 873 812; x_wconf 90' lang='lat' dir='ltr'>interiit.</span> <span class='ocrx_word' id='word_1_68' title='bbox 926 778 1062 812; x_wconf 91' lang='lat' dir='ltr'>Anton.</span> <span class='ocrx_word' id='word_1_69' title='bbox 1090 777 1251 811; x_wconf 88' lang='lat' dir='ltr'>Sabellic.</span> <span class='ocrx_word' id='word_1_70' title='bbox 1279 778 1339 812; x_wconf 89' lang='lat' dir='ltr'>lib.</span> <span class='ocrx_word' id='word_1_71' title='bbox 1360 787 1385 812; x_wconf 90' lang='grc' dir='ltr'>Ι.</span> <span class='ocrx_word' id='word_1_72' title='bbox 1413 778 1575 813; x_wconf 88' lang='lat' dir='ltr'>Ennead.</span> <span class='ocrx_word' id='word_1_73' title='bbox 1597 789 1654 813; x_wconf 86' lang='lat' dir='ltr'>IX.</span> <span class='ocrx_word' id='word_1_74' title='bbox 1681 791 1762 827; x_wconf 84' lang='lat' dir='ltr'>pag.</span> 
     </span>
     <span class='ocr_line' id='line_1_9' title="bbox 369 835 1765 880; baseline 0.001 -10"><span class='ocrx_word' id='word_1_75' title='bbox 369 846 523 871; x_wconf 82' lang='lat' dir='ltr'>Dcxxv.</span> <span class='ocrx_word' id='word_1_76' title='bbox 557 841 578 856; x_wconf 90' lang='lat'><strong>“</strong></span> <span class='ocrx_word' id='word_1_77' title='bbox 604 835 741 875; x_wconf 86' lang='lat' dir='ltr'>Scotus,</span> <span class='ocrx_word' id='word_1_78' title='bbox 769 836 826 869; x_wconf 90' lang='lat' dir='ltr'>vir</span> <span class='ocrx_word' id='word_1_79' title='bbox 851 836 1056 869; x_wconf 87' lang='lat' dir='ltr'>divinarum</span> <span class='ocrx_word' id='word_1_80' title='bbox 1083 835 1268 869; x_wconf 90' lang='lat' dir='ltr'>literarum</span> <span class='ocrx_word' id='word_1_81' title='bbox 1295 836 1590 880; x_wconf 86' lang='lat' dir='ltr'>sapientissimus,</span> <span class='ocrx_word' id='word_1_82' title='bbox 1617 849 1765 872; x_wconf 87' lang='lat' dir='ltr'>suorum</span> 
     </span>
     <span class='ocr_line' id='line_1_10' title="bbox 367 892 1765 939; baseline 0.001 -11"><span class='ocrx_word' id='word_1_83' title='bbox 367 898 619 928; x_wconf 81' lang='lat' dir='ltr'>assectatorum</span> <span class='ocrx_word' id='word_1_84' title='bbox 638 892 762 927; x_wconf 86' lang='lat' dir='ltr'>fraude</span> <span class='ocrx_word' id='word_1_85' title='bbox 780 893 886 937; x_wconf 88' lang='lat' dir='ltr'>periit</span> <span class='ocrx_word' id='word_1_86' title='bbox 904 895 998 938; x_wconf 89' lang='lat' dir='ltr'>stylo</span> <span class='ocrx_word' id='word_1_87' title='bbox 1016 893 1210 933; x_wconf 86' lang='lat' dir='ltr'>confossus,</span> <span class='ocrx_word' id='word_1_88' title='bbox 1230 904 1293 927; x_wconf 90' lang='lat' dir='ltr'>nec</span> <span class='ocrx_word' id='word_1_89' title='bbox 1310 904 1416 928; x_wconf 86' lang='lat' dir='ltr'>causa</span> <span class='ocrx_word' id='word_1_90' title='bbox 1439 898 1514 928; x_wconf 88' lang='lat' dir='ltr'>tam</span> <span class='ocrx_word' id='word_1_91' title='bbox 1537 894 1667 939; x_wconf 89' lang='lat' dir='ltr'>impiae</span> <span class='ocrx_word' id='word_1_92' title='bbox 1691 907 1765 930; x_wconf 88' lang='lat' dir='ltr'>cae-</span> 
     </span>
     <span class='ocr_line' id='line_1_11' title="bbox 366 950 1763 998; baseline 0.001 -13"><span class='ocrx_word' id='word_1_93' title='bbox 366 953 420 986; x_wconf 86' lang='lat' dir='ltr'>dis</span> <span class='ocrx_word' id='word_1_94' title='bbox 450 951 636 985; x_wconf 88' lang='lat' dir='ltr'>traditur.”</span> <span class='ocrx_word' id='word_1_95' title='bbox 688 950 855 991; x_wconf 87' lang='lat' dir='ltr'>Quidam,</span> <span class='ocrx_word' id='word_1_96' title='bbox 888 951 983 995; x_wconf 89' lang='lat' dir='ltr'>quod</span> <span class='ocrx_word' id='word_1_97' title='bbox 1014 955 1199 995; x_wconf 88' lang='lat' dir='ltr'>corruptos</span> <span class='ocrx_word' id='word_1_98' title='bbox 1230 951 1408 996; x_wconf 87' lang='lat' dir='ltr'>juvenum</span> <span class='ocrx_word' id='word_1_99' title='bbox 1439 962 1555 986; x_wconf 90' lang='lat' dir='ltr'>mores</span> <span class='ocrx_word' id='word_1_100' title='bbox 1586 959 1763 998; x_wconf 85' lang='lat' dir='ltr'>argueret.</span> 
     </span>
     <span class='ocr_line' id='line_1_12' title="bbox 366 1008 1764 1055; baseline 0.001 -12"><span class='ocrx_word' id='word_1_101' title='bbox 366 1010 469 1043; x_wconf 91' lang='lat' dir='ltr'>Hect.</span> <span class='ocrx_word' id='word_1_102' title='bbox 489 1009 618 1043; x_wconf 91' lang='lat' dir='ltr'>Boeth.</span> <span class='ocrx_word' id='word_1_103' title='bbox 638 1008 698 1042; x_wconf 91' lang='lat' dir='ltr'>lib.</span> <span class='ocrx_word' id='word_1_104' title='bbox 719 1018 758 1042; x_wconf 86' lang='lat' dir='ltr'>X.</span> <span class='ocrx_word' id='word_1_105' title='bbox 780 1008 918 1042; x_wconf 90' lang='lat' dir='ltr'>Histor.</span> <span class='ocrx_word' id='word_1_106' title='bbox 939 1008 1032 1042; x_wconf 90' lang='lat' dir='ltr'>Scot.</span> <span class='ocrx_word' id='word_1_107' title='bbox 1052 1020 1133 1055; x_wconf 85' lang='lat' dir='ltr'>pag.</span> <span class='ocrx_word' id='word_1_108' title='bbox 1154 1018 1291 1043; x_wconf 81' lang='lat' dir='ltr'>CCXIV.</span> <span class='ocrx_word' id='word_1_109' title='bbox 1345 1008 1433 1050; x_wconf 91' lang='lat' dir='ltr'>Alii,</span> <span class='ocrx_word' id='word_1_110' title='bbox 1450 1010 1546 1054; x_wconf 89' lang='lat' dir='ltr'>quod</span> <span class='ocrx_word' id='word_1_111' title='bbox 1560 1011 1603 1044; x_wconf 92' lang='lat' dir='ltr'>de</span> <span class='ocrx_word' id='word_1_112' title='bbox 1623 1009 1764 1045; x_wconf 88' lang='lat' dir='ltr'>Eucha-</span> 
     </span>
     <span class='ocr_line' id='line_1_13' title="bbox 364 1060 1764 1111; baseline 0.001 -10"><span class='ocrx_word' id='word_1_113' title='bbox 364 1060 464 1101; x_wconf 78' lang='lat' dir='ltr'>ristia</span> <span class='ocrx_word' id='word_1_114' title='bbox 482 1078 541 1100; x_wconf 86' lang='lat' dir='ltr'>eos</span> <span class='ocrx_word' id='word_1_115' title='bbox 565 1067 717 1106; x_wconf 85' lang='lat' dir='ltr'>doceret,</span> <span class='ocrx_word' id='word_1_116' title='bbox 742 1066 844 1110; x_wconf 80' lang='lat' dir='ltr'>pOsse</span> <span class='ocrx_word' id='word_1_117' title='bbox 871 1066 1002 1100; x_wconf 86' lang='lat' dir='ltr'>scilicet</span> <span class='ocrx_word' id='word_1_118' title='bbox 1021 1067 1088 1100; x_wconf 92' lang='lat' dir='ltr'>sub</span> <span class='ocrx_word' id='word_1_119' title='bbox 1105 1078 1176 1100; x_wconf 86' lang='lat' dir='ltr'>una</span> <span class='ocrx_word' id='word_1_120' title='bbox 1197 1071 1339 1100; x_wconf 87' lang='lat' dir='ltr'>tantum</span> <span class='ocrx_word' id='word_1_121' title='bbox 1358 1067 1473 1111; x_wconf 85' lang='lat' dir='ltr'>specie</span> <span class='ocrx_word' id='word_1_122' title='bbox 1491 1068 1596 1102; x_wconf 88' lang='lat' dir='ltr'>sumi.</span> <span class='ocrx_word' id='word_1_123' title='bbox 1650 1067 1764 1102; x_wconf 87' lang='lat' dir='ltr'>Gisel-</span> 
     </span>
     <span class='ocr_line' id='line_1_14' title="bbox 364 1123 1763 1165; baseline 0.001 -7"><span class='ocrx_word' id='word_1_124' title='bbox 364 1126 485 1158; x_wconf 88' lang='lat' dir='ltr'>bertus</span> <span class='ocrx_word' id='word_1_125' title='bbox 503 1125 578 1158; x_wconf 90' lang='lat' dir='ltr'>loco</span> <span class='ocrx_word' id='word_1_126' title='bbox 595 1124 752 1157; x_wconf 86' lang='lat' dir='ltr'>laudato.</span> <span class='ocrx_word' id='word_1_127' title='bbox 804 1123 942 1157; x_wconf 86' lang='lat' dir='ltr'>Errant</span> <span class='ocrx_word' id='word_1_128' title='bbox 968 1135 1040 1157; x_wconf 93' lang='lat' dir='ltr'>non</span> <span class='ocrx_word' id='word_1_129' title='bbox 1063 1124 1189 1157; x_wconf 89' lang='lat' dir='ltr'>leviter</span> <span class='ocrx_word' id='word_1_130' title='bbox 1214 1123 1426 1164; x_wconf 85' lang='lat' dir='ltr'>Palmerius,</span> <span class='ocrx_word' id='word_1_131' title='bbox 1454 1124 1644 1165; x_wconf 79' lang='lat' dir='ltr'>Gesnems,</span> <span class='ocrx_word' id='word_1_132' title='bbox 1672 1126 1763 1160; x_wconf 88' lang='lat' dir='ltr'>Sim-</span> 
     </span>
     <span class='ocr_line' id='line_1_15' title="bbox 363 1181 1761 1229; baseline 0.002 -14"><span class='ocrx_word' id='word_1_133' title='bbox 363 1184 469 1222; x_wconf 87' lang='lat' dir='ltr'>lerus,</span> <span class='ocrx_word' id='word_1_134' title='bbox 496 1186 531 1215; x_wconf 88' lang='lat' dir='ltr'>et</span> <span class='ocrx_word' id='word_1_135' title='bbox 556 1181 685 1215; x_wconf 85' lang='lat' dir='ltr'>Petrus</span> <span class='ocrx_word' id='word_1_136' title='bbox 710 1181 872 1215; x_wconf 87' lang='lat' dir='ltr'>Crinitus</span> <span class='ocrx_word' id='word_1_137' title='bbox 898 1181 958 1215; x_wconf 92' lang='lat' dir='ltr'>lib.</span> <span class='ocrx_word' id='word_1_138' title='bbox 979 1190 1096 1214; x_wconf 83' lang='lat' dir='ltr'>XX1v.</span> <span class='ocrx_word' id='word_1_139' title='bbox 1123 1181 1312 1225; x_wconf 84' lang='lat' dir='ltr'>Disciplin.</span> <span class='ocrx_word' id='word_1_140' title='bbox 1343 1182 1481 1216; x_wconf 89' lang='lat' dir='ltr'>honest.</span> <span class='ocrx_word' id='word_1_141' title='bbox 1509 1194 1584 1227; x_wconf 88' lang='lat' dir='ltr'>cap.</span> <span class='ocrx_word' id='word_1_142' title='bbox 1614 1193 1671 1218; x_wconf 81' lang='lat' dir='ltr'>XI.</span> <span class='ocrx_word' id='word_1_143' title='bbox 1699 1185 1761 1229; x_wconf 90' lang='lat' dir='ltr'>qui</span> 
     </span>
     <span class='ocr_line' id='line_1_16' title="bbox 362 1238 1761 1286; baseline 0.001 -11"><span class='ocrx_word' id='word_1_144' title='bbox 362 1241 457 1275; x_wconf 89' lang='lat' dir='ltr'>hunc</span> <span class='ocrx_word' id='word_1_145' title='bbox 474 1240 650 1274; x_wconf 85' lang='lat' dir='ltr'>Joannem</span> <span class='ocrx_word' id='word_1_146' title='bbox 676 1250 756 1273; x_wconf 91' lang='lat' dir='ltr'>cum</span> <span class='ocrx_word' id='word_1_147' title='bbox 776 1240 920 1273; x_wconf 82' lang='lat' dir='ltr'>doctore</span> <span class='ocrx_word' id='word_1_148' title='bbox 944 1239 1079 1278; x_wconf 82' lang='lat' dir='ltr'>subtili,</span> <span class='ocrx_word' id='word_1_149' title='bbox 1104 1244 1166 1273; x_wconf 80' lang='lat' dir='ltr'>aut</span> <span class='ocrx_word' id='word_1_150' title='bbox 1192 1239 1332 1273; x_wconf 89' lang='lat' dir='ltr'>Joanne</span> <span class='ocrx_word' id='word_1_151' title='bbox 1350 1238 1537 1286; x_wconf 85' lang='lat' dir='ltr'>Airigena,</span> <span class='ocrx_word' id='word_1_152' title='bbox 1565 1246 1627 1275; x_wconf 91' lang='lat' dir='ltr'>aut</span> <span class='ocrx_word' id='word_1_153' title='bbox 1654 1242 1761 1276; x_wconf 87' lang='lat' dir='ltr'>etiam</span> 
     </span>
     <span class='ocr_line' id='line_1_17' title="bbox 364 1296 1760 1343; baseline 0.001 -11"><span class='ocrx_word' id='word_1_154' title='bbox 364 1299 398 1332; x_wconf 83' lang='lat' dir='ltr'>S.</span> <span class='ocrx_word' id='word_1_155' title='bbox 426 1298 575 1338; x_wconf 90' lang='lat' dir='ltr'>Joanne,</span> <span class='ocrx_word' id='word_1_156' title='bbox 602 1297 664 1342; x_wconf 92' lang='lat' dir='ltr'>qui</span> <span class='ocrx_word' id='word_1_157' title='bbox 691 1297 865 1341; x_wconf 86' lang='lat' dir='ltr'>sequitur,</span> <span class='ocrx_word' id='word_1_158' title='bbox 888 1296 1127 1343; x_wconf 83' lang='lat' dir='ltr'>confundunt.</span> <span class='ocrx_word' id='word_1_159' title='bbox 1180 1296 1252 1330; x_wconf 87' lang='lat' dir='ltr'>Hic</span> <span class='ocrx_word' id='word_1_160' title='bbox 1282 1301 1375 1331; x_wconf 85' lang='lat' dir='ltr'>certe</span> <span class='ocrx_word' id='word_1_161' title='bbox 1401 1297 1550 1332; x_wconf 87' lang='lat' dir='ltr'>infinitis</span> <span class='ocrx_word' id='word_1_162' title='bbox 1579 1299 1760 1333; x_wconf 82' lang='lat' dir='ltr'>miraculis</span> 
     </span>
     <span class='ocr_line' id='line_1_18' title="bbox 362 1354 1761 1400; baseline 0.001 -10"><span class='ocrx_word' id='word_1_163' title='bbox 362 1357 487 1395; x_wconf 85' lang='lat' dir='ltr'>clarus,</span> <span class='ocrx_word' id='word_1_164' title='bbox 506 1366 549 1389; x_wconf 88' lang='lat' dir='ltr'>ex</span> <span class='ocrx_word' id='word_1_165' title='bbox 568 1355 695 1388; x_wconf 92' lang='lat' dir='ltr'>humili</span> <span class='ocrx_word' id='word_1_166' title='bbox 714 1355 898 1398; x_wconf 86' lang='lat' dir='ltr'>sepultura</span> <span class='ocrx_word' id='word_1_167' title='bbox 922 1355 959 1387; x_wconf 90' lang='lat' dir='ltr'>in</span> <span class='ocrx_word' id='word_1_168' title='bbox 981 1354 1162 1388; x_wconf 85' lang='lat' dir='ltr'>basilicam</span> <span class='ocrx_word' id='word_1_169' title='bbox 1189 1354 1360 1400; x_wconf 86' lang='lat' dir='ltr'>majorem</span> <span class='ocrx_word' id='word_1_170' title='bbox 1388 1357 1594 1397; x_wconf 87' lang='lat' dir='ltr'>translatus,</span> <span class='ocrx_word' id='word_1_171' title='bbox 1623 1361 1761 1391; x_wconf 86' lang='lat' dir='ltr'>sancto-</span> 
     </span>
     <span class='ocr_line' id='line_1_19' title="bbox 361 1412 1761 1460; baseline 0.001 -14"><span class='ocrx_word' id='word_1_172' title='bbox 361 1424 440 1447; x_wconf 85' lang='lat' dir='ltr'>rum</span> <span class='ocrx_word' id='word_1_173' title='bbox 469 1413 548 1446; x_wconf 93' lang='lat' dir='ltr'>albo</span> <span class='ocrx_word' id='word_1_174' title='bbox 579 1413 754 1457; x_wconf 85' lang='lat' dir='ltr'>ascriptus</span> <span class='ocrx_word' id='word_1_175' title='bbox 782 1417 846 1453; x_wconf 88' lang='lat' dir='ltr'>est,</span> <span class='ocrx_word' id='word_1_176' title='bbox 875 1413 957 1446; x_wconf 86' lang='lat' dir='ltr'>licet</span> <span class='ocrx_word' id='word_1_177' title='bbox 983 1424 1002 1445; x_wconf 87' lang='lat' dir='ltr'>a</span> <span class='ocrx_word' id='word_1_178' title='bbox 1029 1412 1291 1460; x_wconf 85' lang='lat' dir='ltr'>Martyrologio</span> <span class='ocrx_word' id='word_1_179' title='bbox 1318 1412 1482 1446; x_wconf 88' lang='lat' dir='ltr'>Romano</span> <span class='ocrx_word' id='word_1_180' title='bbox 1508 1413 1611 1447; x_wconf 86' lang='lat' dir='ltr'>absit.</span> <span class='ocrx_word' id='word_1_181' title='bbox 1664 1414 1761 1448; x_wconf 86' lang='lat' dir='ltr'>Arae</span> 
     </span>
     <span class='ocr_line' id='line_1_20' title="bbox 361 1470 1759 1516; baseline 0.001 -11"><span class='ocrx_word' id='word_1_182' title='bbox 361 1471 513 1516; x_wconf 80' lang='lat' dir='ltr'>sepulcri</span> <span class='ocrx_word' id='word_1_183' title='bbox 531 1471 597 1504; x_wconf 88' lang='lat' dir='ltr'>hos</span> <span class='ocrx_word' id='word_1_184' title='bbox 616 1480 740 1504; x_wconf 84' lang='lat' dir='ltr'>versus</span> <span class='ocrx_word' id='word_1_185' title='bbox 760 1470 962 1504; x_wconf 86' lang='lat' dir='ltr'>sanctitatis</span> <span class='ocrx_word' id='word_1_186' title='bbox 980 1470 1113 1503; x_wconf 90' lang='lat' dir='ltr'>indices</span> <span class='ocrx_word' id='word_1_187' title='bbox 1132 1470 1401 1514; x_wconf 87' lang='lat' dir='ltr'>inscripserunt,</span> <span class='ocrx_word' id='word_1_188' title='bbox 1420 1476 1563 1505; x_wconf 86' lang='lat' dir='ltr'>auctore</span> <span class='ocrx_word' id='word_1_189' title='bbox 1582 1471 1759 1506; x_wconf 87' lang='lat' dir='ltr'>Gulielmo</span> 
     </span>
     <span class='ocr_line' id='line_1_21' title="bbox 360 1526 1330 1573; baseline -0.001 -11"><span class='ocrx_word' id='word_1_190' title='bbox 360 1528 670 1563; x_wconf 86' lang='lat' dir='ltr'>Malmesburiensi</span> <span class='ocrx_word' id='word_1_191' title='bbox 689 1528 749 1561; x_wconf 89' lang='lat' dir='ltr'>lib.</span> <span class='ocrx_word' id='word_1_192' title='bbox 771 1537 813 1561; x_wconf 89' lang='lat'>11.</span> <span class='ocrx_word' id='word_1_193' title='bbox 833 1528 875 1561; x_wconf 90' lang='lat' dir='ltr'>de</span> <span class='ocrx_word' id='word_1_194' title='bbox 894 1527 992 1562; x_wconf 90' lang='lat' dir='ltr'>Gest.</span> <span class='ocrx_word' id='word_1_195' title='bbox 1011 1526 1163 1573; x_wconf 86' lang='lat' dir='ltr'>Anglor.</span> <span class='ocrx_word' id='word_1_196' title='bbox 1183 1538 1256 1572; x_wconf 89' lang='lat' dir='ltr'>cap.</span> <span class='ocrx_word' id='word_1_197' title='bbox 1277 1537 1330 1561; x_wconf 86' lang='lat' dir='ltr'>IV.</span> 
     </span>
    </p>
   </div>
   <div class='ocr_carea' id='block_1_3' title="bbox 621 1599 1393 1780">
    <p class='ocr_par' dir='ltr' id='par_1_3' title="bbox 622 1599 1393 1685">
     <span class='ocr_line' id='line_1_22' title="bbox 622 1599 1393 1638; baseline 0 -10"><span class='ocrx_word' id='word_1_198' title='bbox 622 1599 776 1628; x_wconf 84' lang='lat' dir='ltr'>Clauditur</span> <span class='ocrx_word' id='word_1_199' title='bbox 790 1600 843 1628; x_wconf 89' lang='lat' dir='ltr'>hoc</span> <span class='ocrx_word' id='word_1_200' title='bbox 858 1599 972 1628; x_wconf 89' lang='lat' dir='ltr'>tumulo</span> <span class='ocrx_word' id='word_1_201' title='bbox 986 1604 1102 1628; x_wconf 83' lang='lat' dir='ltr'>sanctus</span> <span class='ocrx_word' id='word_1_202' title='bbox 1116 1599 1244 1638; x_wconf 83' lang='lat' dir='ltr'>sophista</span> <span class='ocrx_word' id='word_1_203' title='bbox 1257 1599 1393 1633; x_wconf 84' lang='lat' dir='ltr'>Joannes,</span> 
     </span>
     <span class='ocr_line' id='line_1_23' title="bbox 624 1647 1308 1685; baseline 0 -10"><span class='ocrx_word' id='word_1_204' title='bbox 624 1647 685 1682; x_wconf 88' lang='lat' dir='ltr'>Qui</span> <span class='ocrx_word' id='word_1_205' title='bbox 700 1647 810 1675; x_wconf 86' lang='lat' dir='ltr'>ditatus</span> <span class='ocrx_word' id='word_1_206' title='bbox 825 1653 886 1675; x_wconf 87' lang='lat' dir='ltr'>erat</span> <span class='ocrx_word' id='word_1_207' title='bbox 897 1647 957 1685; x_wconf 84' lang='lat' dir='ltr'>jam</span> <span class='ocrx_word' id='word_1_208' title='bbox 972 1647 1072 1675; x_wconf 89' lang='lat' dir='ltr'>vivens</span> <span class='ocrx_word' id='word_1_209' title='bbox 1086 1652 1215 1685; x_wconf 89' lang='lat' dir='ltr'>tempore</span> <span class='ocrx_word' id='word_1_210' title='bbox 1229 1647 1308 1676; x_wconf 85' lang='lat' dir='ltr'>miro.</span> 
     </span>
    </p>

    <p class='ocr_par' dir='ltr' id='par_1_4' title="bbox 621 1694 1373 1780">
     <span class='ocr_line' id='line_1_24' title="bbox 627 1694 1373 1733; baseline 0.001 -11"><span class='ocrx_word' id='word_1_211' title='bbox 627 1695 654 1722; x_wconf 83' lang='lat' dir='ltr'><strong>M</strong></span> <span class='ocrx_word' id='word_1_212' title='bbox 660 1695 766 1733; x_wconf 86' lang='lat' dir='ltr'>artyrio</span> <span class='ocrx_word' id='word_1_213' title='bbox 780 1694 897 1723; x_wconf 85' lang='lat' dir='ltr'>tandem</span> <span class='ocrx_word' id='word_1_214' title='bbox 914 1694 1023 1723; x_wconf 89' lang='lat' dir='ltr'>Christi</span> <span class='ocrx_word' id='word_1_215' title='bbox 1038 1694 1228 1723; x_wconf 89' lang='lat' dir='ltr'>conscendere</span> <span class='ocrx_word' id='word_1_216' title='bbox 1242 1704 1373 1733; x_wconf 87' lang='lat' dir='ltr'>regnum,</span> 
     </span>
     <span class='ocr_line' id='line_1_25' title="bbox 621 1741 1357 1780; baseline -0.001 -10"><span class='ocrx_word' id='word_1_217' title='bbox 621 1742 688 1777; x_wconf 82' lang='lat' dir='ltr'>Quo</span> <span class='ocrx_word' id='word_1_218' title='bbox 701 1741 818 1775; x_wconf 86' lang='lat' dir='ltr'>meruit,</span> <span class='ocrx_word' id='word_1_219' title='bbox 834 1741 925 1770; x_wconf 86' lang='lat' dir='ltr'>sancti</span> <span class='ocrx_word' id='word_1_220' title='bbox 939 1746 1062 1780; x_wconf 83' lang='lat' dir='ltr'>regnant</span> <span class='ocrx_word' id='word_1_221' title='bbox 1076 1751 1127 1780; x_wconf 89' lang='lat' dir='ltr'>per</span> <span class='ocrx_word' id='word_1_222' title='bbox 1141 1741 1237 1770; x_wconf 89' lang='lat' dir='ltr'>secula</span> <span class='ocrx_word' id='word_1_223' title='bbox 1250 1742 1357 1771; x_wconf 87' lang='lat' dir='ltr'>cuncti.</span> 
     </span>
    </p>
   </div>
   <div class='ocr_carea' id='block_1_4' title="bbox 359 1816 1207 1861">
    <p class='ocr_par' dir='ltr' id='par_1_5' title="bbox 359 1816 1207 1861">
     <span class='ocr_line' id='line_1_26' title="bbox 359 1816 1207 1861; baseline -0.004 -9"><span class='ocrx_word' id='word_1_224' title='bbox 359 1818 477 1852; x_wconf 85' lang='lat' dir='ltr'>Aliter</span> <span class='ocrx_word' id='word_1_225' title='bbox 495 1818 587 1852; x_wconf 73' lang='lat' dir='ltr'>iden]</span> <span class='ocrx_word' id='word_1_226' title='bbox 607 1816 830 1861; x_wconf 87' lang='lat' dir='ltr'>epitaphium</span> <span class='ocrx_word' id='word_1_227' title='bbox 849 1816 1103 1860; x_wconf 83' lang='lat' dir='ltr'>transcripsere</span> <span class='ocrx_word' id='word_1_228' title='bbox 1121 1816 1181 1849; x_wconf 90' lang='lat' dir='ltr'>alii</span> <span class='ocrx_word' id='word_1_229' title='bbox 1198 1827 1207 1849; x_wconf 90' lang='lat'>:</span> 
     </span>
    </p>
   </div>
   <div class='ocr_carea' id='block_1_5' title="bbox 618 1888 1413 2067">
    <p class='ocr_par' dir='ltr' id='par_1_6' title="bbox 618 1888 1413 2067">
     <span class='ocr_line' id='line_1_27' title="bbox 620 1888 1413 1927; baseline -0.001 -9"><span class='ocrx_word' id='word_1_230' title='bbox 620 1888 773 1918; x_wconf 86' lang='lat' dir='ltr'>Clauditur</span> <span class='ocrx_word' id='word_1_231' title='bbox 787 1889 839 1917; x_wconf 89' lang='lat' dir='ltr'>hoc</span> <span class='ocrx_word' id='word_1_232' title='bbox 853 1888 966 1917; x_wconf 84' lang='lat' dir='ltr'>tumulo</span> <span class='ocrx_word' id='word_1_233' title='bbox 981 1898 1059 1917; x_wconf 81' lang='lat' dir='ltr'>sacer</span> <span class='ocrx_word' id='word_1_234' title='bbox 1073 1888 1122 1916; x_wconf 88' lang='lat' dir='ltr'>ille</span> <span class='ocrx_word' id='word_1_235' title='bbox 1137 1888 1264 1927; x_wconf 87' lang='lat' dir='ltr'>sophista</span> <span class='ocrx_word' id='word_1_236' title='bbox 1277 1888 1413 1922; x_wconf 86' lang='lat' dir='ltr'>Joannes,</span> 
     </span>
     <span class='ocr_line' id='line_1_28' title="bbox 619 1935 1321 1974; baseline -0.001 -9"><span class='ocrx_word' id='word_1_237' title='bbox 619 1937 679 1972; x_wconf 85' lang='lat' dir='ltr'>Qui</span> <span class='ocrx_word' id='word_1_238' title='bbox 694 1936 810 1965; x_wconf 86' lang='lat' dir='ltr'>dotatus</span> <span class='ocrx_word' id='word_1_239' title='bbox 824 1941 896 1969; x_wconf 86' lang='lat' dir='ltr'>erat,</span> <span class='ocrx_word' id='word_1_240' title='bbox 913 1935 981 1964; x_wconf 85' lang='lat' dir='ltr'>dum</span> <span class='ocrx_word' id='word_1_241' title='bbox 996 1935 1080 1969; x_wconf 84' lang='lat' dir='ltr'>vixit,</span> <span class='ocrx_word' id='word_1_242' title='bbox 1096 1935 1228 1974; x_wconf 83' lang='lat' dir='ltr'>dogmate</span> <span class='ocrx_word' id='word_1_243' title='bbox 1242 1936 1321 1964; x_wconf 82' lang='lat' dir='ltr'>miro.</span> 
     </span>
     <span class='ocr_line' id='line_1_29' title="bbox 620 1983 1365 2022; baseline 0 -10"><span class='ocrx_word' id='word_1_244' title='bbox 620 1984 762 2022; x_wconf 82' lang='lat' dir='ltr'>Martyrio</span> <span class='ocrx_word' id='word_1_245' title='bbox 776 1983 892 2012; x_wconf 83' lang='lat' dir='ltr'>tandem</span> <span class='ocrx_word' id='word_1_246' title='bbox 909 1983 1017 2011; x_wconf 90' lang='lat' dir='ltr'>Christi</span> <span class='ocrx_word' id='word_1_247' title='bbox 1031 1983 1220 2011; x_wconf 85' lang='lat' dir='ltr'>conscendere</span> <span class='ocrx_word' id='word_1_248' title='bbox 1234 1993 1365 2021; x_wconf 86' lang='lat' dir='ltr'>regnum,</span> 
     </span>
     <span class='ocr_line' id='line_1_30' title="bbox 618 2031 1347 2067; baseline 0 -8"><span class='ocrx_word' id='word_1_249' title='bbox 618 2032 685 2067; x_wconf 86' lang='lat' dir='ltr'>Quo</span> <span class='ocrx_word' id='word_1_250' title='bbox 700 2031 815 2064; x_wconf 88' lang='lat' dir='ltr'>meruit,</span> <span class='ocrx_word' id='word_1_251' title='bbox 831 2031 909 2059; x_wconf 84' lang='lat' dir='ltr'>vivet</span> <span class='ocrx_word' id='word_1_252' title='bbox 924 2041 989 2059; x_wconf 90' lang='lat' dir='ltr'>cum</span> <span class='ocrx_word' id='word_1_253' title='bbox 1004 2031 1110 2059; x_wconf 85' lang='lat' dir='ltr'>sanctis</span> <span class='ocrx_word' id='word_1_254' title='bbox 1124 2031 1220 2059; x_wconf 84' lang='lat' dir='ltr'>secula</span> <span class='ocrx_word' id='word_1_255' title='bbox 1235 2037 1347 2059; x_wconf 83' lang='lat' dir='ltr'>cuncta.</span> 
     </span>
    </p>
   </div>
   <div class='ocr_carea' id='block_1_6' title="bbox 356 2097 1752 2498">
    <p class='ocr_par' dir='ltr' id='par_1_7' title="bbox 405 2097 1512 2154">
     <span class='ocr_line' id='line_1_31' title="bbox 405 2097 1512 2154; baseline -0.002 -13"><span class='ocrx_word' id='word_1_256' title='bbox 405 2108 459 2141; x_wconf 91' lang='lat' dir='ltr'>De</span> <span class='ocrx_word' id='word_1_257' title='bbox 477 2112 582 2154; x_wconf 87' lang='lat' dir='ltr'>gente</span> <span class='ocrx_word' id='word_1_258' title='bbox 600 2097 676 2152; x_wconf 83' lang='lat' dir='ltr'>ejus</span> <span class='ocrx_word' id='word_1_259' title='bbox 696 2106 859 2152; x_wconf 87' lang='lat' dir='ltr'>Rogerus</span> <span class='ocrx_word' id='word_1_260' title='bbox 879 2106 921 2138; x_wconf 92' lang='lat' dir='ltr'>de</span> <span class='ocrx_word' id='word_1_261' title='bbox 941 2105 1114 2139; x_wconf 87' lang='lat' dir='ltr'>Hoveden</span> <span class='ocrx_word' id='word_1_262' title='bbox 1133 2109 1225 2149; x_wconf 86' lang='lat' dir='ltr'>part.</span> <span class='ocrx_word' id='word_1_263' title='bbox 1246 2114 1270 2138; x_wconf 91' lang='lat'>1.</span> <span class='ocrx_word' id='word_1_264' title='bbox 1290 2117 1372 2151; x_wconf 84' lang='lat' dir='ltr'>pag.</span> <span class='ocrx_word' id='word_1_265' title='bbox 1393 2115 1512 2140; x_wconf 77' lang='lat' dir='ltr'>CCXL.</span> 
     </span>
    </p>

    <p class='ocr_par' dir='ltr' id='par_1_8' title="bbox 356 2163 1752 2498">
     <span class='ocr_line' id='line_1_32' title="bbox 407 2163 1752 2210; baseline -0.001 -11"><span class='ocrx_word' id='word_1_266' title='bbox 407 2165 498 2199; x_wconf 87' lang='lat' dir='ltr'>Sunt</span> <span class='ocrx_word' id='word_1_267' title='bbox 516 2165 578 2209; x_wconf 91' lang='lat' dir='ltr'>qui</span> <span class='ocrx_word' id='word_1_268' title='bbox 596 2163 751 2198; x_wconf 88' lang='lat' dir='ltr'>Athenis</span> <span class='ocrx_word' id='word_1_269' title='bbox 770 2163 949 2197; x_wconf 89' lang='lat' dir='ltr'>studuisse</span> <span class='ocrx_word' id='word_1_270' title='bbox 968 2164 1194 2203; x_wconf 88' lang='lat' dir='ltr'>contendant,</span> <span class='ocrx_word' id='word_1_271' title='bbox 1222 2167 1257 2197; x_wconf 91' lang='lat' dir='ltr'>et</span> <span class='ocrx_word' id='word_1_272' title='bbox 1281 2174 1353 2197; x_wconf 89' lang='lat' dir='ltr'>non</span> <span class='ocrx_word' id='word_1_273' title='bbox 1377 2163 1496 2198; x_wconf 88' lang='lat' dir='ltr'>Caroli</span> <span class='ocrx_word' id='word_1_274' title='bbox 1515 2164 1616 2198; x_wconf 92' lang='lat' dir='ltr'>Calvi</span> <span class='ocrx_word' id='word_1_275' title='bbox 1635 2166 1752 2210; x_wconf 85' lang='lat' dir='ltr'>gratia</span> 
     </span>
     <span class='ocr_line' id='line_1_33' title="bbox 358 2221 1750 2265; baseline 0.001 -11"><span class='ocrx_word' id='word_1_276' title='bbox 358 2222 527 2261; x_wconf 80' lang='lat' dir='ltr'>floruisse,</span> <span class='ocrx_word' id='word_1_277' title='bbox 551 2222 611 2256; x_wconf 88' lang='lat' dir='ltr'>sed</span> <span class='ocrx_word' id='word_1_278' title='bbox 630 2221 805 2254; x_wconf 89' lang='lat' dir='ltr'>Ludovici</span> <span class='ocrx_word' id='word_1_279' title='bbox 824 2221 1061 2265; x_wconf 86' lang='lat' dir='ltr'>imperatoris,</span> <span class='ocrx_word' id='word_1_280' title='bbox 1087 2232 1108 2254; x_wconf 91' lang='lat' dir='ltr'>a</span> <span class='ocrx_word' id='word_1_281' title='bbox 1134 2232 1206 2265; x_wconf 91' lang='lat' dir='ltr'>quo</span> <span class='ocrx_word' id='word_1_282' title='bbox 1232 2221 1398 2255; x_wconf 86' lang='lat' dir='ltr'>maximis</span> <span class='ocrx_word' id='word_1_283' title='bbox 1425 2222 1633 2256; x_wconf 89' lang='lat' dir='ltr'>muneribus</span> <span class='ocrx_word' id='word_1_284' title='bbox 1660 2223 1750 2255; x_wconf 85' lang='lat' dir='ltr'>invi-</span> 
     </span>
     <span class='ocr_line' id='line_1_34' title="bbox 357 2278 1750 2324; baseline 0 -11"><span class='ocrx_word' id='word_1_285' title='bbox 357 2285 464 2319; x_wconf 84' lang='lat' dir='ltr'>tatus,</span> <span class='ocrx_word' id='word_1_286' title='bbox 501 2280 639 2324; x_wconf 85' lang='lat' dir='ltr'>legatus</span> <span class='ocrx_word' id='word_1_287' title='bbox 675 2279 719 2312; x_wconf 89' lang='lat' dir='ltr'>ad</span> <span class='ocrx_word' id='word_1_288' title='bbox 753 2278 956 2312; x_wconf 83' lang='lat' dir='ltr'>Alarudum</span> <span class='ocrx_word' id='word_1_289' title='bbox 995 2289 1115 2324; x_wconf 86' lang='lat' dir='ltr'>regem</span> <span class='ocrx_word' id='word_1_290' title='bbox 1156 2278 1297 2318; x_wconf 84' lang='lat' dir='ltr'>missus,</span> <span class='ocrx_word' id='word_1_291' title='bbox 1341 2290 1480 2312; x_wconf 87' lang='lat' dir='ltr'>summa</span> <span class='ocrx_word' id='word_1_292' title='bbox 1515 2279 1647 2324; x_wconf 89' lang='lat' dir='ltr'>ingenii</span> <span class='ocrx_word' id='word_1_293' title='bbox 1683 2281 1750 2313; x_wconf 88' lang='lat' dir='ltr'>cla-</span> 
     </span>
     <span class='ocr_line' id='line_1_35' title="bbox 357 2336 1750 2380; baseline 0 -10"><span class='ocrx_word' id='word_1_294' title='bbox 357 2337 513 2370; x_wconf 87' lang='lat' dir='ltr'>ritudine</span> <span class='ocrx_word' id='word_1_295' title='bbox 537 2336 690 2377; x_wconf 81' lang='lat' dir='ltr'>vixerit3</span> <span class='ocrx_word' id='word_1_296' title='bbox 719 2336 813 2380; x_wconf 92' lang='lat' dir='ltr'>quod</span> <span class='ocrx_word' id='word_1_297' title='bbox 838 2336 868 2370; x_wconf 91' lang='lat' dir='ltr'>si</span> <span class='ocrx_word' id='word_1_298' title='bbox 895 2347 1019 2370; x_wconf 89' lang='lat' dir='ltr'>verum</span> <span class='ocrx_word' id='word_1_299' title='bbox 1047 2340 1111 2375; x_wconf 85' lang='lat' dir='ltr'>est,</span> <span class='ocrx_word' id='word_1_300' title='bbox 1138 2336 1226 2369; x_wconf 90' lang='lat' dir='ltr'>duos</span> <span class='ocrx_word' id='word_1_301' title='bbox 1254 2347 1294 2369; x_wconf 91' lang='lat' dir='ltr'>eo</span> <span class='ocrx_word' id='word_1_302' title='bbox 1320 2336 1462 2369; x_wconf 87' lang='lat' dir='ltr'>nomine</span> <span class='ocrx_word' id='word_1_303' title='bbox 1488 2336 1651 2376; x_wconf 87' lang='lat' dir='ltr'>celebres,</span> <span class='ocrx_word' id='word_1_304' title='bbox 1679 2337 1750 2370; x_wconf 86' lang='lat' dir='ltr'>imo</span> 
     </span>
     <span class='ocr_line' id='line_1_36' title="bbox 358 2393 1748 2439; baseline 0 -12"><span class='ocrx_word' id='word_1_305' title='bbox 358 2399 392 2427; x_wconf 84' lang='lat' dir='ltr'>et</span> <span class='ocrx_word' id='word_1_306' title='bbox 411 2400 482 2428; x_wconf 87' lang='lat' dir='ltr'>tres</span> <span class='ocrx_word' id='word_1_307' title='bbox 500 2405 571 2428; x_wconf 92' lang='lat' dir='ltr'>non</span> <span class='ocrx_word' id='word_1_308' title='bbox 589 2395 695 2439; x_wconf 85' lang='lat' dir='ltr'>longa</span> <span class='ocrx_word' id='word_1_309' title='bbox 712 2398 826 2427; x_wconf 82' lang='lat' dir='ltr'>aetate</span> <span class='ocrx_word' id='word_1_310' title='bbox 844 2394 998 2432; x_wconf 84' lang='lat' dir='ltr'>dissitos,</span> <span class='ocrx_word' id='word_1_311' title='bbox 1021 2393 1125 2428; x_wconf 84' lang='lat' dir='ltr'>fateri</span> <span class='ocrx_word' id='word_1_312' title='bbox 1150 2397 1314 2437; x_wconf 82' lang='lat' dir='ltr'>oportet3</span> <span class='ocrx_word' id='word_1_313' title='bbox 1342 2393 1437 2437; x_wconf 88' lang='lat' dir='ltr'>quod</span> <span class='ocrx_word' id='word_1_314' title='bbox 1456 2397 1491 2426; x_wconf 88' lang='lat' dir='ltr'>et</span> <span class='ocrx_word' id='word_1_315' title='bbox 1508 2393 1599 2427; x_wconf 85' lang='lat' dir='ltr'>forte</span> <span class='ocrx_word' id='word_1_316' title='bbox 1625 2405 1748 2427; x_wconf 82' lang='lat' dir='ltr'>verum</span> 
     </span>
     <span class='ocr_line' id='line_1_37' title="bbox 356 2449 1749 2498; baseline -0.001 -13"><span class='ocrx_word' id='word_1_317' title='bbox 356 2456 420 2485; x_wconf 83' lang='lat' dir='ltr'>est.</span> <span class='ocrx_word' id='word_1_318' title='bbox 484 2450 575 2497; x_wconf 88' lang='lat' dir='ltr'>Ejus</span> <span class='ocrx_word' id='word_1_319' title='bbox 614 2456 722 2485; x_wconf 87' lang='lat' dir='ltr'>sunt:</span> <span class='ocrx_word' id='word_1_320' title='bbox 764 2449 840 2497; x_wconf 67' lang='grc' dir='ltr'>Πεξὶ</span> <span class='ocrx_word' id='word_1_321' title='bbox 869 2453 1002 2494; x_wconf 77' lang='grc' dir='ltr'><strong><em>φυσικῶν</em></strong></span> <span class='ocrx_word' id='word_1_322' title='bbox 1031 2450 1248 2498; x_wconf 65' lang='grc' dir='ltr'><em>Μεςίσματος,</em></span> <span class='ocrx_word' id='word_1_323' title='bbox 1281 2450 1335 2485; x_wconf 84' lang='lat' dir='ltr'>De</span> <span class='ocrx_word' id='word_1_324' title='bbox 1363 2450 1498 2485; x_wconf 89' lang='lat' dir='ltr'>Rerum</span> <span class='ocrx_word' id='word_1_325' title='bbox 1530 2452 1749 2485; x_wconf 83' lang='lat' dir='ltr'>naturalium</span> 
     </span>
    </p>
   </div>
  </div>
 </body>
</html>
