2060 2848
371 314 434 347 474
755 311 987 344 HISTORIA
1012 311 1388 352 ECCLESIASTICA

372 419 451 443 sum
469 407 626 453 primum
644 407 835 448 hominem,
854 412 889 441 et
906 407 1086 441 obseratas
1103 407 1222 452 gladio
1240 407 1344 452 igneo
1363 405 1526 440 vibrante
1543 405 1648 446 fores,
1676 406 1765 439 nulli

373 466 579 500 mortalium
598 465 812 499 Paradisum
830 466 955 505 visere,
974 464 1044 498 nisi
1061 463 1163 499 Enoc
1189 469 1225 498 et
1251 463 1366 504 Eliae,
1393 475 1414 497 a
1440 463 1517 498 Deo
1542 464 1768 509 permissum.

375 523 494 558 Labor
510 524 624 569 igitur
641 527 784 558 sanctus
803 523 948 558 Moochi
966 522 1118 556 scribere

522 581 776 615 Meditationes
794 581 838 615 de
856 580 1027 614 Paradiso
1046 579 1206 613 terrestri
1367 579 1428 613 lib.
1450 587 1475 612 1.

521 638 663 672 Monita
680 639 725 672 ad
743 638 976 672 Brandanum
1365 637 1426 671 lib.
1446 645 1471 670 1.

422 696 525 731 Vixit
543 707 636 730 anno
655 704 753 729 DLx.
806 695 947 730 Colitur
964 703 1053 728 XIX.
1073 694 1287 728 Decembris.

804 810 840 844 S.
868 808 1201 844 MURDACHUS.
1256 810 1338 846 899.

374 927 409 961 S.
429 927 693 961 MURDACHUS
717 926 876 966 eremita,
904 926 948 959 ad
974 926 1090 959 lacum
1116 924 1295 969 quendam
1321 924 1359 958 in
1385 923 1547 970 Argadia
1572 925 1769 959 maximum

372 985 639 1030 pauperrimum
658 985 901 1019 habitaculum
921 983 1081 1023 sortitus,
1109 983 1196 1017 adeo
1215 982 1396 1016 ferventer
1413 982 1606 1027 Deiparam
1634 982 1770 1017 Christi

372 1047 555 1087 parentem
586 1043 775 1089 Virginem
804 1042 924 1082 coluit,
950 1045 993 1075 ut
1018 1041 1223 1086 frequenter
1249 1040 1293 1074 ab
1320 1052 1361 1074 ea
1386 1040 1560 1074 consolari
1586 1041 1768 1075 meruerit.

372 1100 487 1135 Extat
505 1101 581 1135 vita
598 1112 679 1135 cum
699 1110 758 1136 IX.
775 1099 995 1139 lectionibus,
1018 1104 1053 1133 et
1071 1103 1147 1133 tota
1171 1099 1278 1132 series
1305 1099 1382 1144 ejus
1408 1099 1548 1142 depicta
1574 1099 1611 1132 in
1637 1100 1769 1143 templo

372 1159 403 1192 ei
422 1159 549 1193 dicato.
601 1159 688 1193 Fuit
707 1163 826 1193 autem
852 1158 1044 1192 bardorum
1063 1168 1082 1190 e
1104 1161 1210 1202 gente
1236 1157 1420 1197 oriundus,
1449 1156 1527 1190 ideo
1554 1156 1770 1191 hereditario

371 1217 473 1261 quasi
508 1217 693 1263 sanguinis
723 1217 806 1262 jure
836 1216 994 1260 poeticae
1024 1213 1196 1254 addictus,
1227 1218 1261 1248 et
1292 1214 1436 1259 quidem
1467 1215 1615 1248 ultimus
1646 1226 1769 1248 eorum

371 1275 675 1319 philosophorum,
710 1275 806 1319 quod
832 1285 873 1307 eo
904 1273 1046 1307 nomine
1073 1272 1169 1306 Scoti
1196 1272 1246 1306 sic
1271 1276 1458 1306 vocarunt.
1516 1271 1647 1318 Ingens
1674 1272 1769 1306 vitae

372 1331 625 1366 sanctimoniae
655 1332 899 1366 testimonium
930 1330 1085 1365 refertur
1111 1330 1149 1364 in
1175 1330 1270 1364 hunc
1288 1330 1458 1364 modum:
1488 1331 1643 1364 latrones
1661 1334 1769 1364 noctu

371 1391 525 1424 vicinam
551 1391 657 1424 cellae
681 1390 805 1429 sancti,
833 1390 942 1435 vulgo
969 1388 1196 1428 Kilmurdah,
1223 1388 1346 1421 aedem
1372 1398 1508 1421 sacram
1534 1388 1767 1432 diripuerant,

371 1453 555 1493 totamque
585 1448 839 1493 supellectilem
870 1447 1103 1486 abstulerant,
1133 1450 1169 1479 et
1203 1445 1297 1479 inter
1332 1445 1402 1479 alia
1435 1446 1525 1479 alter
1561 1447 1769 1486 calceorum,

371 1506 433 1550 qui
464 1507 614 1552 gemmis
645 1505 805 1539 distincti
833 1504 1011 1549 Deiparae
1037 1503 1202 1549 Virginis
1233 1503 1427 1549 imaginem
1459 1503 1644 1543 ornabant,
1675 1504 1770 1538 abla-

372 1569 453 1598 tus:
484 1564 616 1598 vicinia
642 1568 802 1597 sanctum
830 1563 948 1607 primo
976 1562 1120 1606 quidem
1148 1565 1352 1606 suspectum
1380 1561 1546 1601 reddidit,
1575 1562 1701 1596 deinde
1731 1563 1768 1595 in

368 1622 546 1668 judicium
577 1622 775 1666 pertraxit3
807 1624 844 1654 at
873 1620 932 1654 ille
960 1618 1221 1654 confertissima
1250 1619 1384 1663 populi,
1417 1619 1532 1653 omnis
1562 1620 1703 1665 generis
1733 1625 1767 1654 et

372 1691 489 1720 sexus,
520 1680 653 1724 stipata
681 1678 924 1718 multitudine,
955 1677 999 1711 ad
1030 1688 1129 1711 aram
1157 1677 1306 1711 fidenter
1332 1677 1489 1717 accessit,
1525 1682 1560 1711 et
1595 1689 1677 1711 cum
1706 1679 1767 1712 ali-

373 1737 533 1782 quandiu
551 1741 753 1782 prostratus
772 1741 917 1775 orasset,
944 1746 1018 1768 rem
1038 1735 1249 1775 mirandam,
1279 1735 1398 1780 imago
1423 1736 1575 1769 alterum
1602 1736 1767 1776 calceum,

371 1795 459 1839 pede
477 1801 633 1835 extenso,
660 1795 698 1828 in
723 1795 842 1828 sinum
865 1794 1010 1833 orantis,
1038 1798 1072 1826 et
1094 1793 1170 1839 jam
1198 1793 1317 1833 levati,
1346 1793 1482 1837 placide
1508 1793 1680 1833 dimittit;
1708 1804 1767 1837 po-

371 1854 476 1898 pulus
496 1852 766 1886 venerabundus
786 1852 996 1885 miraculum
1015 1851 1186 1896 agnoscit,
1204 1851 1362 1884 delatum
1381 1850 1527 1891 adorat3
1547 1851 1606 1884 ille
1617 1850 1767 1885 honores

371 1916 554 1945 aversatus
581 1910 703 1954 procul
724 1909 867 1949 recedit,
889 1909 1017 1954 majori
1044 1919 1129 1942 cura
1152 1908 1261 1942 sacris
1288 1908 1473 1948 incumbit,
1501 1908 1538 1941 in
1563 1908 1690 1942 ultima
1717 1920 1770 1943 se-

371 1973 512 2003 nectute
530 1968 652 2002 scribit

521 2025 687 2071 Hymnos
705 2025 882 2070 Deiparae
1215 2024 1275 2059 lib.
1297 2033 1322 2058 1.

422 2084 525 2118 Vixit
545 2094 638 2117 anno
656 2092 772 2117 Dece.
825 2082 966 2117 Colitur
984 2091 1021 2117 v,
1042 2082 1219 2117 Octobris.

659 2199 728 2233 ιΪΟ.
756 2198 941 2233 FRANC.
969 2197 1334 2233 METELLANUS‚
1389 2200 1472 2236 900.

372 2314 565 2348 JOANNES
596 2313 806 2348 Franciscus
837 2314 1065 2355 Metellanus,
1100 2314 1158 2347 vir
1192 2318 1274 2348 ortu
1309 2314 1449 2355 nobilis,
1484 2315 1554 2348 sed.
1580 2315 1764 2359 sapientia,

373 2372 545 2411 doctrina,
588 2382 799 2416 morumque
841 2372 1048 2418 integritate
1090 2373 1195 2418 longe
1237 2372 1401 2411 nobilior,
1444 2372 1561 2416 patria
1603 2383 1765 2418 egressus

373 2429 489 2464 ordini
516 2428 551 2463 S.
578 2429 758 2463 Francisci
785 2429 949 2463 Pauliani
979 2429 1214 2464 Minimorum
1239 2441 1275 2464 se
1302 2430 1471 2470 tradidit;
1500 2430 1537 2464 in
1564 2441 1635 2475 quo
1661 2441 1768 2464 evan-
