2060 2848
354 305 418 336 684
735 304 966 337 HISTORIA
991 304 1365 338 ECCLESIASTICA

357 399 566 434 Triturrita.
611 399 772 434 Arnutes
785 405 934 435 veteres.
977 398 1036 433 Ad
1049 404 1186 434 statuas
1197 399 1371 434 Colossas.
1416 398 1653 446 Novempagi,
1671 401 1752 434 aliis

355 457 582 503 Decempagi.
635 457 793 492 Lucinae
811 458 962 492 Fanum.
1019 457 1208 491 Troilium.
1251 457 1468 491 Voltumnae
1485 456 1638 491 Fanum.
1684 458 1751 491 Fo-

354 526 434 548 rum
454 515 606 549 Claudii.
650 515 785 550 Forum
800 515 925 549 Cassii.
971 515 1106 549 Forum
1119 514 1271 548 Aurelii.
1319 514 1574 549 Tarchonium.
1619 515 1752 549 Fossae

357 571 591 617 Papyrianae.
619 572 711 607 Eba.
738 573 973 607 Baracellum.
1004 573 1188 606 Bondelia.
1220 571 1349 606 Suana.
1380 571 1491 606 Vicus
1506 571 1616 607 Elbii.
1647 573 1750 607 Man-

354 630 460 663 liana.
497 630 675 676 Tegullia.
713 630 902 664 Tifernum
918 630 1139 664 Tiberinum.
1176 629 1289 663 Volci.
1329 628 1505 664 Amitina.
1541 629 1748 665 Vesentina.

354 686 498 721 Larnia.
563 687 721 721 Colonia.
787 687 899 721 Senae
929 687 1042 720 littori
1075 685 1284 719 Hadriatico
1314 686 1508 730 appositae.
1574 687 1749 722 Hetruria

354 744 579 784 Cistiberina,
598 750 633 778 et
650 744 689 777 in
707 756 748 778 ea
766 744 944 778 Coloniae.
988 743 1133 777 Cumae.
1179 742 1284 776 Nola.
1329 742 1463 787 Capua.
1505 743 1638 778 Volsci.
1682 744 1749 779 Ca-

352 812 452 845 pena.
514 801 634 835 Lucus
665 801 842 846 Capenus.
899 800 1083 834 Medullia.
1140 800 1308 834 Fidenae.
1365 800 1518 835 Puteoli.
1575 800 1747 846 Pompeii.

352 858 525 892 Marcina.
567 858 839 899 ,Hetruscorum
865 858 988 903 populi
1014 858 1150 892 soboles
1176 862 1276 892 trans
1299 857 1543 903 Apenninum.
1597 858 1750 893 Hetrus-

353 927 474 950 corum
493 915 660 950 Coloniae
685 921 784 950 trans
808 915 1052 960 Apenninum.
1105 915 1246 949 Sirmio.
1299 915 1554 950 Mediolanum.
1607 916 1747 950 Raven-

351 985 408 1008 na.
478 973 643 1008 Mantua.
712 973 853 1018 Cuprae
896 973 1049 1008 Fanum.
1124 972 1290 1019 Regium.
1362 972 1503 1007 Parma.
1571 973 1747 1008 Bononia.

352 1031 488 1065 Brixia.
541 1030 659 1072 Atria,
678 1043 741 1066 seu
758 1031 884 1072 Adria,
906 1036 969 1065 aut
988 1031 1138 1066 Hadria.
1190 1029 1281 1065 Viae
1304 1029 1469 1071 Romam,
1494 1042 1558 1076 per
1582 1031 1748 1066 Hetruri-

352 1101 420 1129 am,
441 1090 621 1124 ducentes.
669 1089 786 1124 Villae
804 1089 1032 1134 optimatium
1051 1089 1296 1123 Romanorum
1320 1089 1359 1123 in
1378 1088 1563 1123 Hetruria.
1606 1089 1749 1124 Insulae

353 1146 546 1181 Hetruriae
565 1148 603 1182 in
625 1152 778 1192 utroque
801 1147 904 1182 mari.
957 1146 1045 1181 Ilva.
1098 1145 1255 1181 Ebusus.
1308 1146 1481 1191 Reliquae
1504 1146 1641 1182 insulae
1663 1158 1749 1181 enu-

350 1209 515 1239 meratae.

917 1319 1101 1360 LIBER
1130 1320 1180 1360 V.

680 1444 737 1469 DE
758 1443 984 1469 FLORENTE
1004 1443 1222 1469 HETRURIA
1241 1443 1422 1469 VETERE.

400 1550 486 1594 Cap.
502 1550 532 1584 I.
572 1551 671 1585 Ordo
688 1551 816 1595 operis,
836 1555 872 1585 et
889 1550 1034 1595 Scopus.
1075 1550 1179 1584 Pisae
1193 1550 1365 1590 conditae,
1383 1548 1448 1584 &c.
1480 1549 1602 1585 Pisani
1620 1552 1744 1591 sancti,

352 1606 553 1648 Pontifices,
571 1607 790 1649 cardinales,
808 1607 989 1642 Ecclesiae
1007 1608 1191 1648 successio,
1210 1607 1279 1641 viri
1303 1608 1470 1641 illustres.
1524 1607 1744 1643 Volaterrae.

352 1663 388 1697 S.
408 1664 646 1705 Volaterrani,
665 1664 730 1701 &c.
773 1665 885 1700 Luca.
930 1664 1049 1699 Sancti
1068 1665 1257 1705 Lucenses,
1276 1663 1341 1698 &c.
1384 1663 1563 1699 Aretium.
1602 1664 1745 1700 Aretini

352 1722 476 1761 sancti,
497 1719 562 1755 &c.
615 1721 793 1756 Cortona..
835 1722 995 1756 Perusia.
1043 1721 1163 1756 Sancti
1182 1721 1359 1755 Perusini.
1405 1721 1614 1756 Pistorium.
1658 1721 1745 1757 San-

352 1779 399 1812 cti
431 1778 677 1819 Pistorienses,
706 1778 770 1813 &c.
821 1778 966 1824 Aquila.
1019 1779 1141 1813 Senae.
1195 1779 1367 1813 Senenses
1397 1779 1521 1819 sancti,
1548 1777 1611 1813 &c.
1664 1779 1746 1814 Flo-

353 1835 479 1870 rentia.
532 1835 732 1870 Florentini
762 1838 887 1877 sancti,
917 1835 982 1871 &c.
1033 1836 1220 1871 Annotata
1249 1836 1364 1870 obiter
1392 1837 1577 1881 quaedam.
1626 1837 1681 1873 De
1707 1837 1743 1872 S.

357 1894 482 1928 incerti
500 1894 566 1928 loci
585 1894 622 1927 in
642 1893 811 1929 Thuscia.
863 1894 917 1929 De
936 1893 1097 1934 Umbria,
1115 1905 1206 1939 quae
1223 1905 1305 1939 pars
1324 1893 1528 1928 Hetruriae.

907 2008 1091 2049 LIBER
1120 2009 1195 2049 VI.

431 2133 486 2158 DE
505 2132 681 2159 munaus
700 2132 946 2159 HETRmuAE
966 2132 1195 2165 monemus,
1214 2133 1265 2158 Ac
1286 2133 1435 2165 vumls,
1454 2132 1668 2163 umsotm.

428 2239 515 2284 Cap.
579 2238 608 2273 1.
703 2239 820 2275 Villae
907 2250 948 2273 ac
1032 2239 1138 2274 urbes
1223 2239 1442 2275 Neotericae.
1552 2239 1745 2287 Magistra-

355 2301 412 2330 tus
482 2296 674 2332 Hetruriae
736 2298 905 2343 supremi,
972 2302 1037 2343 pro
1101 2304 1301 2343 temporum
1364 2297 1576 2339 conditione,
1641 2298 1743 2332 varii.
