2060 2848
384 327 448 357 408
766 326 999 359 HISTORIA
1024 326 1400 359 ECCLESIASTICA

391 421 586 455 Orientalis
616 422 797 465 apostolus
828 422 994 467 martyrii
1021 423 1177 466 palmam
1207 422 1375 466 percepit.
1426 420 1566 455 Auctor
1593 419 1789 466 Egilunar-

391 478 468 518 dus,
495 478 530 512 S.
556 478 757 513 Burchardi
778 478 972 513 monachus
990 490 1100 523 prope
1119 479 1356 523 Herbipolim,
1383 479 1421 512 in
1447 479 1594 524 prologo
1619 477 1726 512 Vitae
1752 476 1788 510 S.

391 535 616 570 Burchardi:
643 541 664 555 ‘⁶
682 535 812 576 Scotia‚
831 537 867 569 in
887 536 1031 571 Christo
1050 537 1338 581 prudentissima,
1362 536 1465 570 nobis
1486 537 1608 570 lumen
1625 539 1789 569 nostrum

391 594 618 637 primitivum
642 594 837 627 destinavit
863 593 1060 634 Kilianum,
1086 594 1295 640 Burgundis
1320 594 1594 633 Columbanum,
1620 592 1790 627 Alaman-

391 651 447 684 nis
466 650 608 685 Gallum
622 652 650 685 :'’
676 656 711 685 et
728 651 789 685 lib.
810 661 835 685 Ι.
855 663 930 695 cap.
951 660 1007 685 IX.
1028 656 1049 671 ‘⁶
1068 651 1212 685 Primus
1229 651 1400 685 fundator
1417 655 1557 685 vestrae
1576 650 1656 684 fidei
1677 649 1792 683 Kilia-

391 719 470 749 nus,
489 709 534 743 ab
551 709 744 753 apostolica
761 709 862 742 vobis
880 709 1125 753 pastoralitate
1143 708 1385 748 transmissus,
1403 708 1520 748 fidem,
1538 719 1646 753 quam
1673 707 1791 741 verbis

391 766 522 806 docuit,
536 766 602 800 hoc
615 766 694 810 ipso
707 766 745 799 in
762 767 838 799 loco
857 766 1021 810 martyrii
1039 766 1244 800 testimonio
1261 766 1538 810 comprobavit.''
1581 765 1789 811 Sigebertus

390 828 513 857 narrat
531 825 712 869 eleganter
729 823 767 855 in
786 822 919 856 Chron.
948 827 969 842 “
986 822 1097 867 Apud
1114 822 1327 856 Wirziburh
1345 827 1502 857 castrum
1522 822 1791 857 Ostrofranciae

390 880 425 914 S.
445 880 633 914 Chilianus
656 891 737 914 cum
763 880 947 924 discipulis
974 879 1193 913 Colomanno
1220 886 1255 913 et
1278 879 1479 914 Tolmanno
1505 881 1596 914 clam
1622 878 1792 923 martyri-

391 942 495 972 zatur
527 949 548 971 a
579 937 729 971 Geilana
761 948 873 971 uxore
902 936 1070 971 Gozberti
1100 938 1272 982 principis
1302 938 1668 984 lVirziburgensium,
1701 947 1793 981 quae

390 995 539 1029 timebat
553 995 711 1040 separari
725 1006 745 1029 a
760 996 838 1029 viro
857 1006 933 1034 suo,
952 999 1124 1040 arguente
1142 1006 1223 1029 eum
1244 995 1421 1036 Chiliano,
1441 996 1537 1040 quod
1551 1006 1628 1029 eam
1643 1004 1793 1028 uxorem

390 1053 571 1097 quondam
588 1053 713 1087 fratris
731 1053 808 1098 ejus
826 1052 934 1086 etiam
952 1052 1027 1096 ipse
1044 1063 1192 1086 uxorem
1211 1052 1358 1087 haberet
1373 1064 1382 1094 ;
1411 1064 1564 1097 quorum
1583 1063 1691 1092 mors,
1710 1062 1792 1085 cum

390 1111 452 1144 diu
470 1121 592 1144 omnes
610 1111 748 1150 lateret,
767 1109 917 1143 Geilana
934 1114 970 1143 et
987 1110 1254 1154 percussoribus
1272 1115 1473 1156 martyrum
1493 1122 1514 1144 a
1531 1111 1719 1144 daemonio
1737 1120 1793 1143 ar-

390 1169 511 1212 reptis,
524 1179 645 1202 eorum
663 1167 882 1202 confessione
896 1168 1082 1213 divulgata
1096 1168 1181 1201 est.'’
1225 1167 1279 1201 De
1293 1168 1468 1213 martyrio
1483 1172 1631 1208 certum,
1645 1167 1707 1202 sed
1720 1177 1793 1201 non

390 1237 499 1270 aeque
517 1226 559 1259 de
577 1226 682 1259 modo
700 1225 888 1266 convenit3
914 1225 1061 1269 quidam
1079 1225 1174 1259 enim
1188 1224 1408 1259 Gozbertum
1423 1236 1494 1259 non
1508 1225 1716 1269 principem,
1731 1224 1792 1258 sed

384 1284 542 1329 judicem
562 1283 709 1323 faciunt,
729 1294 860 1328 magna
878 1283 985 1316 etiam
1014 1283 1199 1317 nominum
1228 1284 1425 1316 varietate:
1455 1283 1629 1317 ascribam
1656 1283 1792 1327 aliquot

389 1347 575 1375 auctorum
585 1342 672 1380 loca,
685 1345 725 1374 tu
736 1341 846 1374 lector
852 1340 987 1386 judica.
1013 1340 1251 1386 Martyrolog.
1266 1340 1419 1374 Roman.
1433 1340 1490 1374 die
1502 1348 1591 1373 V111.
1604 1339 1628 1373 J
1630 1340 1706 1380 ulii,
1721 1351 1791 1384 quo

388 1400 465 1445 ejus
492 1399 699 1432 memoriam
728 1398 872 1431 ecclesia
898 1398 1075 1431 celebrat:
1103 1402 1124 1416 ‘⁶
1144 1397 1332 1442 Herbipoli
1350 1398 1387 1431 in
1406 1396 1600 1431 Germania
1625 1397 1661 1431 S.
1681 1397 1792 1431 Chili-

389 1458 447 1490 ani
478 1456 644 1501 episcopi,
672 1456 734 1500 qui
759 1467 780 1489 a
805 1455 970 1489 Romano
995 1455 1162 1499 pontifice
1188 1455 1233 1488 ad
1260 1455 1539 1499 praedicandum
1565 1456 1790 1501 evangelium

387 1515 529 1554 missus,
548 1524 629 1548 cum
648 1514 781 1547 multos
809 1513 853 1546 ad
880 1513 1067 1547 Christum
1094 1513 1331 1557 perduxisset,
1360 1523 1432 1546 una
1456 1523 1536 1546 cum
1561 1513 1664 1547 sociis
1689 1512 1790 1548 Colo-

388 1583 494 1606 mano
512 1571 722 1616 presbytero
740 1577 776 1604 et
794 1571 962 1605 Totnano
980 1571 1129 1604 diacono
1146 1570 1347 1604 trucidatus
1371 1569 1460 1603 est.'’
1510 1570 1649 1604 Eodem
1673 1571 1730 1605 die
1753 1572 1792 1605 in

389 1628 655 1674 Martyrologio
673 1639 738 1661 suo
757 1628 888 1662 Petrus
907 1627 1110 1661 Galesinius
1126 1637 1134 1661 ε
1156 1632 1176 1647 “
1190 1627 1359 1661 Coloniae
1373 1627 1408 1661 S.
1425 1627 1573 1667 Kiliani,
1588 1633 1624 1662 et
1637 1628 1791 1662 duorum

390 1687 565 1721 sociorum
584 1690 798 1730 martyrum,
818 1685 1028 1719 Colomanni
1047 1685 1246 1730 presbyteri
1264 1690 1299 1718 et
1316 1684 1340 1718 J
1342 1685 1468 1719 ornani
1486 1685 1636 1726 diaconi,
1664 1686 1727 1731 qui
1746 1686 1791 1720 ab

392 1743 567 1777 Hibernia
584 1742 733 1787 profecti
754 1743 891 1777 Christi
915 1754 1045 1776 nomen
1069 1742 1324 1787 praedicantes,
1351 1741 1498 1776 Goberti
1523 1743 1709 1788 cujusdam
1729 1744 1789 1790 ju-

389 1802 476 1835 dicis
495 1801 663 1834 mandato
683 1801 931 1840 contrucidati,
949 1800 1073 1834 multis
1097 1804 1220 1844 postea
1243 1800 1349 1834 rebus
1373 1800 1631 1835 admirabiliter
1657 1802 1790 1836 clarue-

390 1859 507 1893 runt.'’
558 1858 695 1904 Magna
712 1869 796 1892 sane
815 1859 979 1898 varietas,
998 1862 1034 1891 et
1051 1858 1095 1892 ab
1113 1858 1283 1892 historiae
1302 1858 1452 1892 veritate
1471 1858 1652 1893 dissensus
1670 1871 1678 1893 :
1706 1871 1790 1894 nam

388 1928 460 1951 non
479 1916 658 1956 Coloniae,
678 1916 739 1949 sed
759 1915 947 1960 Herbipoli
963 1920 1101 1949 constat
1115 1927 1270 1960 passum,
1286 1916 1355 1949 nisi
1369 1916 1461 1950 forte
1475 1916 1614 1950 dicatur
1628 1917 1790 1961 pluribus

388 1976 426 2008 in
461 1974 667 2008 civitatibus
703 1974 781 2019 ejus
816 1973 1187 2007 commemorationem
1216 1973 1438 2013 celebratam,
1470 1974 1566 2018 quod
1597 1978 1631 2007 et
1664 1985 1790 2008 verum

387 2032 481 2066 infra
510 2031 669 2077 patebit3
706 2042 822 2075 neque
852 2032 947 2065 enim
979 2031 1086 2065 unius
1122 2031 1274 2076 alicujus
1309 2031 1466 2065 civitatis
1498 2032 1693 2075 apostolus,
1729 2032 1791 2066 sed

387 2091 582 2124 multarum
613 2088 683 2123 fuit
713 2089 1003 2134 provinciarum:
1041 2089 1103 2133 qui
1133 2088 1185 2122 illi
1215 2093 1270 2122 est
1302 2086 1505 2130 Jornanus‚
1542 2089 1587 2123 ab
1622 2089 1788 2124 omnibus

388 2148 467 2182 aliis
497 2145 697 2181 Totnanus.
750 2146 839 2180 Mox
863 2146 907 2180 ab
932 2145 1109 2180 Hibernia
1132 2147 1234 2187 male,
1261 2153 1296 2181 et
1321 2151 1444 2180 contra
1462 2147 1622 2180 omnium
1641 2147 1790 2191 scripto-

389 2217 468 2239 rum
487 2205 603 2244 fidem,
626 2217 684 2239 eos
709 2205 852 2239 deducit
877 2204 988 2238 Wolf.
1014 2204 1146 2238 Lazius
1171 2204 1209 2237 in
1235 2204 1384 2248 praefat.
1405 2205 1450 2238 ad
1471 2204 1532 2238 lib.
1559 2213 1585 2237 Ι.
1612 2204 1655 2237 de
1681 2203 1786 2238 Gent.

390 2262 599 2308 Migration.
636 2262 697 2296 SS.
712 2262 898 2296 Kilianum
912 2266 948 2296 et
962 2261 1211 2295 Burchardum
1231 2251 1354 2295 Scottis
1373 2266 1477 2296 vocat
1496 2261 1645 2295 Hieron.
1662 2261 1787 2295 Platus

389 2320 449 2354 lib.
471 2329 514 2353 11.
533 2320 575 2353 de
594 2320 683 2353 Stat.
704 2320 822 2366 Relig.
842 2331 917 2364 cap.
937 2329 1040 2354 xxx.
1067 2324 1087 2339 ‘⁶
1106 2319 1284 2358 Kilianus,
1304 2319 1497 2352 monachus
1516 2318 1654 2358 Scotus,
1673 2319 1787 2353 Fran-

389 2388 509 2411 corum
528 2383 670 2423 gentem
690 2379 735 2411 ad
753 2378 910 2411 fidelium
929 2388 1118 2411 numerum
1136 2375 1386 2422 aggregavit.''
1445 2375 1560 2410 Nicol.
1582 2376 1786 2411 Manerrius

389 2446 432 2469 ex
462 2434 596 2469 Jacobo
623 2436 665 2468 de
692 2434 873 2480 Voragine
899 2435 936 2468 in
962 2434 1061 2468 Julio
1087 2446 1168 2480 pag.
1200 2442 1387 2468 CDvan.
1452 2433 1612 2468 Patriam
1644 2435 1675 2467 ei
1707 2433 1787 2468 Sco-
