2060 2848
387 322 451 354 462
772 322 1004 355 HISTORIA
1029 322 1259 356 ECCLESIA
1265 323 1403 356 STICA

390 419 573 458 tellanum‚
592 417 820 452 Lidintoniae
831 418 1010 459 baronem,
1024 418 1169 463 pietatis
1181 430 1263 452 vere
1278 419 1461 453 assiduum
1475 418 1586 453 fuisse
1600 420 1783 453 cultorem.

390 476 462 510 Res
481 477 531 510 sic
548 487 585 510 se
603 475 709 510 habet
725 486 733 509 ε
759 475 783 509 J
785 476 926 517 acobuS,
944 477 1043 520 prior
1060 475 1095 510 S.
1115 475 1293 517 Andreae,
1320 477 1463 521 spurius
1488 477 1633 522 reginae
1661 477 1784 517 frater,

388 535 450 578 qui
481 539 604 578 postea
635 545 750 568 comes
786 534 985 574 Moraviae,
1025 534 1106 568 odio
1140 534 1284 579 quidem
1322 535 1516 580 religionis,
1560 535 1621 569 sed
1656 534 1786 580 majori

387 592 559 638 regnandi
591 593 786 636 cupiditate
820 593 958 632 ardens,
994 592 1132 636 primus
1169 603 1353 636 procerum
1389 603 1477 626 auro
1512 594 1695 637 pellectus,
1733 593 1784 627 ita

388 661 572 694 procerum
603 649 762 683 turbavit
794 654 929 683 mentes
958 649 1094 683 haeresi
1122 648 1333 689 faventium,
1364 654 1406 683 ut
1435 650 1647 695 excogitarit
1678 651 1785 683 ratio-

388 719 480 747 nem,
499 712 534 741 et
551 708 617 741 sibi
645 712 681 741 et
699 707 857 740 sectariis
884 718 1080 751 operosam,
1107 707 1241 741 scilicet
1266 708 1419 740 transire
1445 708 1482 741 in
1509 713 1628 752 partes
1655 707 1785 753 Angli-

388 776 502 805 canas,
536 769 575 798 ut
604 764 733 804 Maria,
765 764 932 797 defuncto
961 765 1102 805 marito,
1139 764 1185 797 ad
1215 763 1349 798 Gallias
1380 764 1590 798 deserendas
1626 765 1783 804 inducta,

387 823 507 856 omnia
540 824 577 856 in
612 822 732 861 armis,
768 826 1014 865 mutatamque
1047 822 1144 855 domi
1187 821 1397 867 religionem
1440 821 1660 861 offenderet;
1705 826 1782 855 tum

386 880 521 915 furioso
547 879 688 913 Calvini
719 880 916 912 catulorum
949 890 1039 912 ausu
1065 879 1110 913 ad
1136 890 1236 912 arma
1262 880 1500 919 convolatum,
1528 885 1563 914 et
1589 881 1685 914 victa
1711 881 1785 914 acie

386 937 537 980 repetita
563 947 584 969 a
609 934 798 968 rebellibus
824 934 958 979 regina,
986 933 1120 969 femina
1151 937 1376 980 pientissima
1410 937 1663 971 contumeliose
1695 942 1784 972 trac-

385 998 471 1033 tata,
497 992 653 1040 ludibrio
671 992 875 1025 omnimodo
894 991 1045 1033 affecta3
1067 994 1119 1027 ad
1147 999 1368 1038 postremum
1396 995 1433 1028 in
1464 1006 1579 1028 arcem
1609 996 1688 1029 lacu
1716 995 1784 1029 Le-

386 1051 483 1084 vinio
511 1054 703 1094 compacta,
735 1053 842 1093 atque
873 1050 917 1082 ad
944 1050 1127 1084 libidinem
1154 1052 1390 1095 perduellium
1418 1052 1679 1086 haereticorum
1707 1065 1783 1088 cus-

385 1109 501 1142 todiae
532 1108 743 1151 mancipata,
776 1107 907 1140 crebris
938 1106 1170 1142 Elizabethae
1201 1109 1421 1155 Anglicanae
1452 1110 1564 1143 literis
1596 1111 1782 1152 solicitata,

384 1178 475 1211 quae
509 1166 540 1199 ei
575 1170 610 1199 et
645 1177 806 1198 securum
847 1166 942 1210 apud
977 1177 1013 1199 se
1048 1172 1227 1211 receptum
1263 1168 1505 1211 pollicebatur,
1550 1173 1585 1201 et
1620 1169 1783 1214 ingentes

385 1225 502 1268 copias
537 1225 632 1257 ultro
667 1223 846 1262 offerebat,
883 1224 912 1256 si
943 1235 964 1257 a
994 1225 1234 1268 perduellibus
1266 1225 1440 1269 supplicia
1470 1226 1578 1271 digna
1609 1227 1784 1260 destinas-

385 1288 437 1316 set
464 1283 614 1327 exigere.
669 1281 726 1314 Ita
755 1282 852 1314 lacus
879 1280 1022 1314 Levinii
1049 1283 1210 1316 custodia
1239 1284 1421 1323 excedens,
1455 1295 1517 1317 nec
1548 1295 1694 1317 suorum
1727 1296 1782 1318 ra-

384 1340 552 1380 tionibus,
583 1351 646 1373 nec
679 1339 829 1372 Joannis
867 1338 1092 1379 Hamiltonii,
1128 1339 1406 1374 Sanctandreani
1440 1341 1706 1386 archiepiscopi,
1733 1342 1783 1375 la-

383 1399 514 1443 crymis
534 1398 649 1437 cessit,
668 1397 788 1441 “quin
807 1407 844 1429 se
862 1396 1096 1436 carissimae,”
1121 1401 1162 1430 ut
1188 1397 1317 1437 aiebat,
1347 1402 1369 1417 ‘⁶
1387 1403 1558 1444 cognatae
1584 1398 1665 1433 fidei
1691 1411 1783 1433 com-

383 1458 541 1491 mitteret
555 1455 585 1489 :''
612 1456 661 1489 sic
679 1455 809 1500 exiguo
827 1455 999 1488 comitatu
1025 1455 1063 1488 in
1080 1454 1253 1500 Angliam
1279 1455 1431 1500 trajecit,
1458 1460 1493 1489 et
1519 1455 1781 1491 Dumbretonia

384 1526 462 1548 arce
492 1514 625 1554 relicta,
658 1512 859 1546 crudelibus
894 1523 931 1545 se
961 1512 1092 1555 impiae
1125 1517 1160 1546 et
1196 1513 1386 1546 saevientis
1418 1514 1524 1558 lupae
1558 1513 1781 1560 Anglicanae

382 1572 547 1606 manibus
566 1571 737 1610 tradidit3
766 1583 786 1604 a
804 1581 875 1614 qua
893 1579 982 1603 xlx.
1002 1581 1113 1603 annos
1139 1574 1232 1604 totos
1251 1582 1389 1604 carcere
1407 1571 1607 1605 arctissimo
1625 1572 1780 1612 detenta,

383 1630 535 1663 subditis
554 1629 639 1668 suis,
658 1628 835 1662 Sathanae
854 1628 1040 1667 ministris,
1055 1629 1143 1661 clam
1161 1628 1428 1673 instigantibus,
1448 1639 1512 1661 nec
1527 1627 1662 1662 Guisiis
1677 1640 1779 1672 opem

382 1687 485 1726 ferre,
517 1686 633 1720 Gallia
663 1686 827 1719 civilibus
858 1685 974 1718 turbis
1008 1685 1154 1730 agitata,
1193 1685 1406 1725 valentibus,
1441 1686 1478 1718 in
1514 1697 1593 1719 arce
1627 1686 1779 1720 Fodrin-

381 1745 499 1790 gania,
526 1754 619 1776 novo
645 1744 806 1786 exemplo
832 1748 868 1776 et
894 1742 1114 1787 principibus
1141 1742 1349 1788 pernicioso,
1378 1743 1493 1776 securi
1520 1747 1573 1776 est
1602 1755 1779 1787 percussa,

381 1802 487 1835 unica
525 1801 719 1845 impietatis
754 1812 794 1834 ea
829 1801 945 1834 insula
976 1805 1112 1834 remota
1142 1800 1285 1845 pietatis
1315 1800 1465 1834 destina.
1529 1801 1644 1846 Cujus
1679 1802 1779 1835 inno-

382 1860 533 1892 centiam
569 1858 865 1903 sanctitatemque
901 1858 1020 1892 variae
1055 1863 1178 1903 gentes
1214 1858 1417 1902 egregiique
1452 1858 1641 1902 scriptores
1676 1865 1779 1893 extu-

381 1920 510 1956 lerunt,
531 1922 566 1950 et
583 1917 738 1949 maxime
757 1916 852 1950 Scoti
870 1917 913 1950 de
930 1916 1060 1960 quibus
1079 1916 1145 1949 hoc
1171 1927 1274 1959 opere
1301 1915 1361 1949 lib.
1387 1925 1412 1948 Ι.
1440 1916 1478 1949 in
1504 1914 1717 1961 Anonfflnis,
1743 1924 1778 1950 et

379 1976 439 2009 lib.
461 1984 517 2009 IX.
538 1974 573 2007 in
592 1971 762 2014 Incertis,
783 1979 819 2007 et
837 1973 932 2014 alibi,
952 1978 993 2007 ut
1011 1974 1146 2007 occasio
1163 1973 1244 2012 fuit,
1259 1973 1332 2018 egi:
1351 1974 1591 2007 innocentiam
1610 1979 1683 2007 tam
1698 1975 1777 2018 piae

379 2033 549 2077 principis
579 2031 714 2065 frustra
745 2032 911 2066 obvelant
937 2032 1077 2065 sectarii
1104 2030 1228 2076 Angli,
1257 2031 1335 2074 ipsa
1361 2032 1455 2064 enim
1482 2031 1573 2065 falso
1599 2037 1774 2073 accusata,

379 2102 400 2124 a
418 2099 551 2123 XLIIX.
579 2089 710 2135 Anglis
728 2089 959 2134 interrogata,
978 2089 1171 2133 respondit,
1200 2093 1220 2108 “
1240 2088 1355 2122 Deum
1375 2089 1443 2122 sibi
1462 2100 1534 2123 non
1557 2089 1776 2130 defuturum,

378 2159 469 2192 quae
487 2148 573 2181 velit
592 2148 628 2180 in
656 2147 854 2181 orthodoxa
879 2147 1023 2180 ecclesia
1049 2147 1170 2180 vivere
1196 2151 1231 2181 et
1257 2147 1381 2180 mori.’'
1434 2146 1657 2181 Florimund.
1685 2147 1776 2181 Rae-

378 2206 533 2239 mundus
551 2205 610 2238 lib.
625 2214 678 2238 VI.
700 2205 903 2238 Haereseon
921 2216 996 2249 cap.
1010 2213 1116 2238 XHX.
1154 2204 1292 2238 Deinde
1310 2204 1440 2238 Amiae
1458 2205 1619 2244 Pauleto,
1639 2205 1775 2238 homini

378 2262 679 2308 profligatissimO,
699 2263 929 2306 exprobravit
948 2263 1174 2307 tyrannidem
1193 2262 1345 2308 Anglae,
1376 2267 1397 2281 “
1419 2274 1509 2307 quae
1536 2262 1648 2305 ipsam
1676 2263 1775 2296 nulla

378 2321 446 2354 alia
460 2331 564 2353 causa
579 2331 683 2364 quam
699 2321 881 2365 religionis
894 2320 1072 2354 vexaret.‘'
1107 2319 1244 2354 Ibidem
1259 2321 1337 2354 loci.
1375 2320 1469 2353 Tum
1485 2319 1547 2353 ubi
1562 2320 1722 2363 capitalis
1737 2320 1774 2353 in

376 2389 453 2412 eam
480 2379 552 2411 lata
577 2378 763 2416 sententia,
790 2378 948 2423 graviter
966 2379 1132 2423 majestas
1151 2389 1216 2411 sua
1234 2377 1562 2412 Christianissima:
1595 2382 1615 2396 ‘⁴
1634 2376 1773 2411 Gaudia

375 2447 452 2470 mea
466 2447 536 2469 non
555 2441 639 2469 sunt
658 2435 694 2468 in
714 2440 818 2474 terra,
838 2436 898 2468 sed
918 2436 953 2469 in
969 2436 1084 2475 coelo;
1107 2435 1195 2469 mihi
1210 2436 1354 2480 quidem
1368 2446 1463 2469 mors
1477 2439 1581 2480 grata
1600 2439 1663 2474 est,
1683 2446 1773 2479 quae
