2060 2848
400 325 462 355 450
777 319 1009 354 HISTORIA
1033 318 1409 351 ECCLESIASTICA

403 418 509 453 aliam
525 417 671 452 Alectae
688 416 900 462 dignitatem
917 415 1150 460 episcopalem
1167 413 1328 460 gessisse.
1381 412 1531 457 Scripsit

550 475 605 509 De
625 474 834 508 Fortunatis
852 473 984 507 Insulis
1291 470 1351 505 lib.
1371 479 1396 504 1.

549 532 734 577 Epistolas
753 532 798 565 ad
816 530 1043 565 Britannicas
1060 528 1237 564 Ecclesias
1287 528 1349 562 lib.
1370 538 1396 562 1.

548 590 732 635 Epistolas
750 590 795 623 ad
813 588 1045 623 Brendanum
1288 586 1348 620 lib.
1370 595 1394 620 1.

549 648 802 682 Ordinationes
819 657 904 680 suae
921 645 1101 679 Ecclesiae
1282 644 1343 678 lib.
1364 653 1389 678 1.
1432 653 1523 688 quae
1563 641 1716 677 Alethae
1751 643 1789 676 in

599 704 818 741 Aremoricis
832 707 1083 743 asservantur;
1102 713 1193 746 quae
1209 702 1295 736 urbs
1313 701 1358 735 ab
1375 712 1415 735 eo
1432 711 1562 735 nomen
1579 700 1707 734 sortita
1724 706 1788 734 est.

450 764 588 798 Claruit
606 773 699 797 anno
717 770 868 795 DLX111.
921 760 1126 806 Sigebertus
1144 760 1220 793 loco
1237 759 1393 799 laudato,
1412 764 1448 792 et
1465 758 1538 791 alii.

825 933 861 967 S.
889 930 1229 967 MARGARETA.
1282 933 1366 966 832.

400 1053 435 1087 S.
455 1052 739 1091 MARGARETA,
756 1050 858 1084 heres
876 1049 978 1095 regni
1001 1047 1158 1094 Anglici,
1184 1047 1302 1092 neptis
1328 1046 1526 1088 Edmundi,
1552 1047 1626 1082 filia
1651 1046 1791 1082 Eduar-

399 1111 446 1151 di,
465 1115 550 1144 nata
566 1110 604 1143 in
623 1108 815 1154 Hungaria
840 1108 1007 1141 exulante
1033 1105 1128 1150 apud
1152 1103 1377 1139 Salomonem
1401 1116 1522 1151 regem
1547 1110 1659 1150 patre,
1684 1117 1790 1151 quem

399 1169 561 1202 Canutus
591 1167 746 1213 Angliae
774 1177 838 1199 rex
863 1165 908 1199 ad
938 1163 1136 1198 Suevorum
1168 1173 1289 1209 regem
1319 1163 1596 1197 interimendum
1632 1163 1790 1204 miserat,

398 1226 522 1270 nupsit
552 1225 743 1259 Malcolmo
770 1222 840 1257 111.
871 1222 959 1268 regi,
990 1221 1092 1266 eique
1122 1226 1281 1255 sanctam
1312 1225 1346 1256 et
1376 1233 1604 1256 numerosam
1634 1222 1789 1256 sobolem

399 1283 504 1318 enixa
520 1287 584 1317 est.
636 1281 761 1316 Vitam
778 1281 856 1326 ejus
874 1279 1110 1324 perscripsere
1129 1279 1265 1313 Hector
1283 1278 1457 1313 Boethius
1475 1279 1537 1314 lib.
1554 1288 1629 1314 XII.
1650 1279 1789 1314 Histor.

399 1341 525 1375 Scotic.
544 1339 730 1385 Turgotus
748 1338 846 1383 prior
867 1336 1118 1371 Dunelmensis
1138 1345 1181 1370 11.
1208 1341 1250 1371 ut
1274 1336 1369 1370 infra
1392 1337 1459 1371 hoc
1483 1349 1588 1382 opere
1609 1342 1791 1372 ostensum

399 1399 459 1433 lib.
480 1406 601 1432 XVIII.
629 1397 665 1430 S.
685 1395 885 1430 Adelredus
912 1394 1032 1434 abbas,
1059 1394 1134 1428 sive
1160 1393 1337 1428 Ealredus
1363 1394 1636 1435 Rhiemllensis,
1663 1399 1704 1429 ut
1730 1395 1790 1429 ha-

398 1457 458 1491 bet
487 1456 615 1490 Surius
639 1459 725 1489 tom.
754 1462 814 1487 111.
846 1452 941 1497 apud
971 1463 1077 1497 quem
1104 1456 1276 1496 perpetuo
1302 1450 1514 1486 Macolinus
1535 1457 1700 1497 corrupte
1725 1465 1790 1498 pro

400 1511 620 1548 Malcolmus
642 1516 706 1547 est.
758 1511 897 1545 Eadem
915 1510 1042 1543 menda
1059 1509 1098 1543 in
1115 1509 1241 1543 histor.
1260 1509 1420 1544 Thomae
1438 1509 1688 1557 Walsingami,
1712 1511 1791 1557 Hy-

399 1572 555 1618 podigm.
583 1570 729 1605 Neustr.
752 1576 1017 1603 CCCCLXXVII.
1069 1567 1282 1601 Memoriam
1308 1568 1386 1614 ejus
1411 1568 1535 1602 recolit
1561 1568 1706 1602 ecclesia
1733 1569 1790 1603 die

401 1639 442 1663 x.
470 1628 584 1663 Junii.
639 1627 875 1672 Martyrolog.
905 1625 1010 1659 Rom.
1040 1629 1062 1644 ‘⁶
1088 1624 1133 1658 In
1160 1624 1279 1659 Scotia
1312 1625 1348 1658 S.
1381 1625 1607 1670 Margaretae
1635 1626 1789 1672 reginae,

400 1697 519 1721 amore
537 1686 574 1720 in
592 1695 776 1731 pauperes,
796 1688 832 1717 et
857 1683 1061 1717 voluntaria
1086 1686 1296 1727 paupertate
1322 1682 1500 1716 celebris?
1551 1682 1575 1715 J
1577 1694 1656 1717 oan.
1676 1683 1790 1718 Mola-

400 1755 467 1778 nus
485 1743 671 1777 Addition.
691 1742 846 1776 Usuard.
866 1741 923 1775 die
941 1741 1021 1781 isto,
1040 1745 1075 1775 et
1093 1740 1149 1774 die
1168 1748 1252 1774 XVI.
1272 1739 1309 1773 N
1311 1739 1448 1774 ovemb.
1501 1739 1651 1785 Scripsit

548 1800 674 1835 Preces
691 1800 862 1845 quasdam
880 1799 958 1843 pias
1338 1797 1399 1832 lib.
1420 1807 1444 1832 1.

463 1859 563 1893 Obiit
601 1869 694 1892 anno
725 1865 889 1891 MXCVH.
926 1860 1054 1901 quarto
1080 1856 1160 1889 idus
1186 1855 1299 1895 Junii,
1325 1856 1382 1889 vel
1408 1866 1502 1889 anno
1529 1864 1665 1889 Mxen.
1694 1855 1788 1890 Mat-

402 1918 526 1951 thaeus
544 1915 899 1950 lVestmonasterien.
919 1915 1057 1958 sepulta
1084 1914 1128 1947 ad
1151 1913 1187 1947 S.
1215 1913 1408 1948 Trinitatis
1434 1914 1566 1954 aedem,
1585 1925 1693 1958 quam
1712 1915 1789 1959 ipsa

402 1978 573 2014 erexerat,
613 1973 772 2008 Annales
807 1976 997 2012 nostrateS,
1035 1972 1178 2006 sedente
1212 1971 1250 2004 in
1288 1971 1388 2005 Petri
1432 1972 1600 2006 cathedra
1642 1972 1789 2007 Urbano

403 2032 451 2066 II.
491 2032 688 2076 imperante
729 2030 887 2064 Henrico
918 2029 983 2064 IV.
1026 2029 1122 2074 apud
1156 2029 1313 2063 Francos
1348 2033 1521 2076 regnante
1555 2029 1723 2074 Philippo
1758 2031 1787 2065 I.

403 2090 560 2124 Annales
578 2088 735 2135 Anglici,
753 2092 787 2122 et
805 2087 844 2121 in
861 2087 917 2121 his
936 2087 1063 2132 Polyd.
1080 2087 1183 2133 Virg.
1202 2087 1263 2121 lib.
1283 2096 1356 2121 VII.
1375 2098 1456 2133 pag.
1477 2096 1658 2121 CXXXIII.
1678 2092 1713 2122 et
1726 2088 1787 2122 lib.

405 2157 460 2181 lx.
487 2148 523 2180 in
551 2146 736 2191 principio.
789 2146 859 2180 Per
887 2145 979 2179 hanc
1000 2145 1062 2191 jus
1092 2145 1131 2178 in
1160 2144 1399 2191 Anglicanam
1429 2145 1684 2179 successionem
1714 2146 1788 2191 regi

404 2204 541 2238 Scotiae
559 2204 773 2248 acquisitum
791 2202 899 2236 etiam
918 2206 1000 2237 ante
1017 2202 1162 2246 nuptias
1182 2202 1330 2237 Henrici
1348 2202 1434 2237 VII.
1453 2202 1594 2242 sororis,
1613 2207 1648 2236 et
1664 2201 1788 2237 Jacobi

405 2260 470 2295 IV.
528 2261 561 2294 T
563 2261 734 2294 ranslatio
764 2260 891 2294 deinde
916 2260 1012 2294 facta
1040 2259 1107 2294 sub
1131 2259 1338 2295 Alexandro
1370 2259 1438 2294 III.
1465 2271 1547 2306 rege
1574 2268 1661 2293 XIX.
1688 2259 1789 2293 Junii

407 2327 611 2352 MCCXXXI.
665 2317 815 2352 Gilberti
833 2318 948 2352 Bruni
967 2317 1151 2352 Calendar.
