2060 2848
386 289 451 321 654
771 288 1005 322 HISTORIA
1029 289 1404 322 ECCLESIASTICA

391 384 625 432 Agrippinae,
644 384 706 418 ubi
724 389 866 418 sanctae
883 389 1114 419 asservantur
1131 385 1312 430 reliquiae,
1331 389 1365 419 et
1385 384 1544 425 Parisiis,
1568 384 1630 419 ubi
1655 385 1788 421 Ursula

390 447 542 487 patrona
571 447 625 476 est
652 441 927 476 Sorbonicorum
955 442 1216 489 theologorum.
1270 442 1406 477 Hector
1429 442 1604 477 Boethius
1628 443 1689 478 lib.
1715 452 1788 478 vn.

393 500 532 534 Histor.
551 500 645 535 Scot.
670 511 752 546 pag.
772 509 922 534 CXXIII.
972 500 1074 535 Facti
1093 501 1301 535 memoriam
1318 501 1442 535 recolit
1459 501 1605 535 ecclesia
1622 501 1679 535 die
1697 510 1786 535 XXI.

391 558 535 593 Octobr.
587 557 766 593 Adeunda
783 563 868 592 sunt
882 558 1154 604 Martyrologia.
1195 557 1474 593 Wandelbertus
1489 559 1683 594 monachus
1698 558 1789 593 Pru-

389 616 547 657 miensis,
565 616 628 662 qui
646 616 740 650 circa
757 627 893 649 annum
911 616 1037 649 salutis
1054 623 1200 649 DCCCL.
1218 616 1323 656 vixit,
1341 616 1393 650 ita
1410 616 1454 649 de
1471 617 1563 657 illis:

693 687 778 715 Tunc
792 696 943 714 numerosa
957 686 1043 715 simul
1058 686 1152 715 Rheni
1167 696 1219 725 per
1231 686 1331 715 littora
1344 687 1460 726 fulgent

693 734 809 762 Christo
822 733 960 771 virgineis
973 738 1069 762 erecta
1083 734 1219 772 trophaea
1232 734 1368 772 maniplis

691 780 872 819 Agrippinae
886 780 961 814 urbi,
976 790 1097 818 quarum
1113 781 1194 810 furor
1207 781 1314 820 impius
1328 781 1397 810 olim

692 828 788 856 Millia
801 828 948 861 mactavit,
962 827 1140 857 ductricibus
1153 827 1264 867 inclyta
1276 829 1391 858 sanctis.

436 903 715 939 Accuratissime
743 902 886 948 singula
913 903 1070 948 exquirit
1097 902 1227 937 Caesar
1253 902 1434 938 Baronius
1460 904 1506 938 ad
1531 904 1625 939 diem
1651 905 1786 940 dictum

386 961 474 997 Not.
494 963 538 996 ad
557 961 748 1006 Martyrol.
769 960 874 994 Rom.
895 960 1059 995 Gaufrid.
1079 959 1302 1005 Asaphensis
1321 961 1358 995 in
1379 960 1476 997 Hist.
1496 967 1532 996 et
1556 973 1600 996 ex
1624 974 1665 997 eo
1683 963 1788 997 Chri-

387 1020 578 1065 stophorus
616 1019 812 1053 Browerus
843 1019 888 1052 ad
919 1018 980 1052 lib.
1017 1028 1078 1052 111.
1116 1018 1288 1053 Venantii
1324 1019 1517 1054 Fortunati
1555 1031 1637 1066 pag.
1672 1029 1784 1054 LXIV.

387 1077 510 1124 Hujus
528 1089 613 1111 sane
631 1078 878 1121 sociarumque
897 1077 1223 1122 peregrinationem
1241 1081 1275 1110 et
1290 1077 1504 1122 martyrium
1525 1079 1623 1112 varie
1641 1079 1784 1122 scriptis

386 1136 606 1170 mandarunt
623 1135 803 1180 Rogerius
818 1133 1076 1174 Cisterciensis,
1091 1131 1293 1167 Richardus
1308 1133 1675 1169 Praemonstratensis
1690 1136 1785 1179 apud

387 1193 640 1228 Mombritium
671 1196 758 1226 tom.
791 1201 833 1226 11.
866 1192 996 1226 Pet-rus
1027 1192 1065 1225 in
1096 1190 1268 1236 Catalogo
1298 1191 1359 1224 lib.
1393 1200 1450 1225 IX.
1482 1203 1557 1237 cap.
1588 1200 1783 1225 Lxxxvn.

388 1250 561 1285 Claudius
579 1250 675 1283 Rota
693 1261 769 1294 cap.
789 1258 897 1283 CLIV.
923 1248 1112 1283 Bonfinius
1136 1248 1255 1282 decad.
1282 1258 1307 1282 1.
1327 1248 1412 1283 Rer.
1439 1248 1639 1295 Hungaric.
1666 1249 1783 1284 lib.‘v.

388 1318 588 1353 anonymus
607 1307 702 1351 apud
721 1306 868 1340 Surium
886 1311 973 1340 tom.
993 1315 1030 1339 v.
1050 1305 1269 1353 Sigebertus,
1287 1310 1323 1340 et
1341 1307 1412 1340 alii.
1466 1306 1618 1352 Scripsit

535 1365 590 1399 De
608 1365 746 1399 arcanis
763 1363 973 1400 Visionibus
991 1364 1053 1398 lib.
1073 1373 1098 1397 1.
1214 1363 1440 1399 Documenta
1457 1364 1560 1398 Fidei
1578 1364 1638 1398 lib.
1659 1373 1684 1398 1.

534 1423 719 1468 Epistolas
745 1423 806 1457 lib.
858 1421 1002 1456 Laudat
1028 1421 1257 1467 Tiraquenus
1283 1422 1326 1456 de
1352 1421 1550 1457 Nobilitate
1576 1433 1652 1467 cap.
1680 1431 1783 1456 XXX.

584 1492 684 1515 num.
704 1489 867 1515 CCCXVI.

436 1539 548 1573 Passa
566 1544 619 1573 est
643 1550 722 1572 cum
749 1538 853 1572 sociis
877 1550 970 1573 anno
995 1546 1194 1572 CCCCXLV.
1218 1542 1260 1572 ut
1283 1537 1446 1572 nonnulli
1470 1548 1655 1582 perperam
1682 1542 1786 1583 puta-

388 1609 482 1637 vere,
501 1602 564 1631 aut
582 1605 768 1631 CCCCLIV.
817 1595 1024 1643 Sigebertus
1042 1600 1078 1630 et
1095 1596 1168 1630 alii.
1219 1594 1313 1630 Vide
1329 1595 1390 1630 lib.
1411 1603 1451 1629 X.
1469 1606 1579 1639 supra
1595 1595 1662 1630 hoc
1680 1607 1784 1640 opere

387 1656 425 1690 in
443 1654 478 1688 S.
498 1652 703 1689 Kenneira.

815 1753 851 1787 S.
878 1751 1187 1787 VULGANIUS.
1241 1751 1348 1786 1168.

387 1828 422 1863 S.
441 1828 703 1867 VULGANIUS.
730 1826 865 1874 Anglia
891 1828 951 1871 pio
973 1826 1225 1872 peregrinandi
1252 1831 1336 1860 voto
1361 1826 1525 1864 lustrata,
1551 1827 1588 1861 in
1616 1826 1782 1873 Belgium

388 1886 538 1931 appulit,
568 1885 630 1919 ubi
657 1890 861 1919 sanctorum
889 1885 1052 1919 laborum
1083 1895 1226 1928 compos
1252 1884 1354 1918 beato
1380 1884 1450 1918 fine
1475 1885 1625 1929 quievit.
1676 1884 1784 1919 Atre-

386 1944 542 1979 batensis
567 1943 731 1977 ecclesiae
750 1947 839 1983 acta,
858 1943 989 1988 quibus
1013 1946 1152 1976 constat
1179 1941 1336 1982 Scotum,
1363 1953 1435 1976 non
1461 1941 1634 1988 Anglum,
1661 1942 1782 1983 fuisse,

385 2001 555 2046 quicquid
570 2001 664 2034 dicat
679 2000 866 2035 Ferreolus
881 2000 1030 2034 Locrius
1044 2010 1053 2040 3
1073 2010 1156 2032 nam
1175 1999 1295 2033 nullus
1310 2010 1349 2033 ea
1368 2003 1579 2044 tempestate
1596 2000 1634 2033 in
1648 1998 1784 2046 Anglia

385 2058 624 2098 Christianus,
643 2058 712 2091 nisi
731 2058 797 2092 sub
815 2058 1003 2101 disciplina
1020 2056 1219 2091 Scotorum.
1271 2057 1458 2101 Reliquiae
1484 2057 1562 2103 ejus
1583 2058 1622 2092 in
1639 2058 1784 2092 ecclesia

386 2115 572 2150 Lensiensi
591 2120 858 2156 conservantur,
878 2115 1075 2158 coliturque
1093 2114 1150 2148 die
1169 2123 1212 2148 11.
1231 2113 1268 2147 N
1270 2114 1427 2148 ovembr.
1479 2113 1574 2149 Acta
1590 2115 1686 2149 illius
1704 2116 1782 2156 loci,

386 2178 421 2207 et
438 2172 594 2207 ‚Ioannes
615 2173 794 2207 Molanus.
846 2172 997 2217 Scripsit

532 2230 593 2264 Ad
610 2230 790 2275 Populum
809 2230 994 2276 Belgicum
1013 2229 1074 2263 lib.
1095 2239 1121 2263 1.
1223 2229 1414 2274 Speculum
1432 2229 1628 2265 Charitatis
1647 2231 1708 2265 lib.

536 2287 816 2322 Exhortationes
1016 2287 1077 2321 lib.
1099 2296 1124 2320 1.
1226 2286 1413 2322 Sermones
1455 2287 1516 2322 lib.
1561 2297 1587 2323 1.
1630 2298 1782 2334 quorum

583 2346 748 2381 nonnulli
766 2345 934 2380 Atrebati
954 2344 1058 2379 MSS.
1078 2349 1212 2378 extant.
