2060 2848
423 308 488 340 570
806 306 1041 342 HISTORIA
1065 306 1439 342 ECCLESIASTICA
1472 317 1474 319 ·

571 401 811 437 Chronicaab
828 402 940 438 Initio
956 402 1087 438 Mundi
1413 403 1475 439 lib.
1495 412 1521 437 1.

569 459 756 504 Epistulae
774 460 820 494 ad
836 460 998 496 diversos
1414 460 1476 495 lib.
1498 469 1522 495 1.

569 516 763 552 Tractatus
781 518 873 552 varii
1413 518 1475 553 lib.
1498 527 1523 553 1.

471 573 564 609 Sunt
591 578 626 609 et
653 575 828 620 quaedam
851 576 922 610 alia
949 576 988 610 in
1018 574 1191 623 Catalogo
1221 575 1344 610 Balaei
1370 586 1462 621 quae
1487 585 1603 621 neque
1625 575 1677 610 illi
1704 575 1819 610 nomi-

422 635 509 666 nant
526 643 641 677 neque
659 632 774 666 adhuc
791 634 1014 677 prodierunt.

567 687 612 723 In
644 693 761 723 totum
795 689 982 724 Danielem
1014 689 1293 735 Explanationis
1327 690 1499 735 mysticae
1532 690 1594 724 lib.
1626 699 1652 725 1.
1707 690 1820 736 Cujus

617 757 784 792 magnam
814 751 953 791 partem
991 746 1211 792 Compendio
1245 746 1512 793 Allegoriarum
1547 757 1655 792 super
1688 747 1819 781 librum

617 802 778 837 Danielis
796 803 949 838 inseruit
975 803 1193 838 Godofridus
1217 803 1431 838 Tilmannus
1449 814 1640 849 suppresso
1667 804 1821 839 auctoris

575 891 577 893 .
617 860 772 894 nomine.

469 916 735 961 Exceptionum
754 916 863 952 libros
884 927 938 952 IV.
957 922 1099 953 tantum
1124 918 1365 953 Bellarminus
1389 918 1504 963 ponit,
1530 929 1590 953 eos
1616 917 1819 952 Divisiones

420 979 523 1009 vocat
546 973 781 1015 Trithemius,
811 979 846 1009 et
871 979 1036 1010 numerat
1062 984 1181 1010 XXIV.
1234 975 1371 1011 Contra
1401 985 1460 1010 eos
1491 975 1623 1020 excipit
1653 975 1821 1010 illustris-

419 1033 531 1067 simus
557 1032 757 1073 cardinalis,
777 1043 906 1077 eosque
924 1037 1025 1067 tanto
1043 1033 1187 1079 ingenio
1210 1033 1378 1079 indignos
1397 1033 1550 1080 judicat,
1573 1037 1610 1067 et
1633 1033 1819 1078 expungit,

417 1090 534 1134 primo
559 1089 655 1134 quod
680 1089 741 1124 lib.
761 1098 787 1123 1.
814 1100 889 1134 cap.
908 1098 1027 1124 XXIV.
1054 1090 1149 1125 dicat
1176 1095 1196 1111 “
1214 1091 1419 1125 inventores
1437 1091 1637 1137 theologiae
1660 1090 1820 1129 fuerunt,

418 1147 514 1191 apud
531 1146 684 1181 Graecos
701 1146 827 1188 Linus,
853 1147 949 1192 apud
966 1146 1117 1182 Latinos
1134 1147 1263 1187 Varro,
1288 1151 1324 1182 et
1349 1148 1484 1182 nostris
1509 1148 1732 1192 temporibus
1758 1147 1823 1182 Jo-

419 1215 527 1239 annes
557 1203 716 1245 Scotus,”
745 1205 841 1249 quod
872 1216 981 1250 supra
1010 1205 1077 1239 hoc
1107 1216 1213 1250 opere
1239 1211 1294 1240 est
1323 1205 1522 1239 defensum.
1574 1203 1713 1238 Eodem
1744 1215 1820 1249 cap.

419 1262 641 1296 inventorem
669 1261 866 1296 rhetoricae
896 1262 983 1296 facit
1010 1261 1303 1303 Demosthenem,
1336 1261 1438 1296 falso.
1492 1261 1536 1296 In
1561 1261 1622 1295 lib.
1655 1270 1716 1295 111.
1744 1273 1820 1306 cap.

419 1327 490 1352 vn.
518 1319 562 1356 de
590 1319 718 1353 insulis
743 1319 914 1364 loquitur,
942 1323 978 1353 et
1005 1318 1161 1354 Scotiam
1187 1328 1289 1353 suam
1317 1323 1459 1354 tantum
1485 1318 1658 1358 nominat,
1686 1322 1721 1352 et
1744 1329 1820 1363 cap.

419 1385 507 1410 VIII.
539 1376 699 1422 ejusdem
732 1376 814 1410 libri
849 1376 1013 1410 civitates
1043 1376 1155 1411 totius
1186 1375 1282 1411 orbis
1313 1376 1521 1411 celebriores
1550 1376 1820 1410 nominaturum

418 1446 454 1468 se
471 1434 670 1479 profitetur,
697 1444 761 1467 nec
787 1433 985 1474 Lutetiam,
1009 1433 1082 1474 ubi,
1106 1444 1188 1468 cum
1213 1432 1302 1468 haec
1326 1434 1513 1475 scribebat,
1531 1432 1692 1480 degebat,
1710 1434 1823 1468 nomi-

416 1496 489 1532 nat,
525 1491 742 1531 Londinum,
774 1489 1055 1537 Edimburgum,
1086 1491 1244 1536 aliasque
1275 1502 1397 1526 omnes
1428 1491 1567 1526 scotiae
1596 1495 1633 1524 et
1665 1490 1821 1537 Angliae

417 1548 522 1583 urbes
539 1548 686 1583 omittit.
738 1547 783 1583 In
800 1548 862 1582 lib.
883 1557 937 1582 IV.
957 1553 1142 1583 enumerat
1159 1548 1342 1593 pontifices
1362 1548 1623 1588 Hebraeorum,
1642 1553 1678 1582 et
1696 1547 1820 1582 Aaron

416 1617 487 1640 non
506 1606 679 1645 nominat,
697 1605 752 1639 uti
770 1616 835 1639 nec
852 1604 1079 1645 Eleazarum,
1098 1605 1309 1640 Phineesve.
1362 1605 1432 1640 His
1451 1606 1627 1640 adductus
1645 1605 1728 1650 jure
1754 1616 1820 1649 pu-

417 1668 471 1698 tat
488 1663 597 1698 libros
615 1674 674 1698 eos
698 1663 845 1697 alterius
869 1673 944 1698 esse
969 1663 1193 1709 ignobilioris
1219 1663 1385 1698 auctoris.
1437 1662 1534 1702 Quid
1552 1662 1582 1696 si
1600 1662 1686 1697 haec
1704 1662 1749 1696 ab
1766 1663 1820 1697 in-

418 1721 530 1755 doctis
548 1719 733 1755 librariis?

467 1778 693 1813 Praeclarum
712 1778 801 1811 illud
819 1783 873 1812 est
890 1778 934 1812 de
952 1789 993 1812 eo
1011 1778 1165 1823 elogium
1184 1778 1280 1822 apud
1303 1777 1519 1811 Wernerum
1544 1776 1819 1817 Rolevinchum,

416 1837 491 1870 sive
510 1836 758 1875 Rolevincum‚
778 1839 820 1869 ut
838 1836 917 1869 aliis
935 1836 1060 1879 placet,
1079 1835 1170 1869 libro
1190 1835 1365 1869 Fasciculi
1393 1834 1615 1879 Temporum
1642 1845 1723 1880 pag.
1753 1843 1818 1868 LV.

418 1899 439 1913 ‘⁶
459 1893 659 1927 Richardus
676 1893 720 1926 de
737 1892 773 1927 S.
792 1892 950 1932 Victore,
967 1892 1100 1937 pietate
1117 1893 1255 1936 plenus,
1274 1897 1310 1927 et
1327 1893 1452 1927 doctor
1468 1891 1729 1932 floridissimus,
1752 1892 1821 1926 cla-

417 1952 501 1986 ret.'’
535 1950 631 1989 Quia
648 1960 732 1984 vero
749 1961 814 1984 nec
831 1950 883 1983 illi
898 1960 987 1994 quos
1001 1949 1145 1983 laudavi
1158 1961 1222 1983 nec
1240 1948 1491 1984 Genebrardus
1505 1948 1720 1995 Chronolog.
1736 1960 1817 1995 pag.

422 2017 591 2042 ncxxw.
619 2007 765 2042 Scotum
788 2019 869 2042 eum
888 2006 998 2041 fuisse
1016 2007 1195 2047 dixerunt,
1213 2007 1250 2041 id
1268 2018 1312 2042 ex
1330 2007 1512 2052 epitaphio
1530 2007 1598 2052 ipsi
1617 2007 1688 2041 aeri
1708 2007 1819 2041 inciso

417 2068 453 2099 in
471 2065 516 2100 D.
535 2065 692 2100 Victoris
710 2065 906 2100 suburbani
923 2063 1154 2109 probabitur:

717 2167 858 2200 Moribus,
875 2166 1004 2205 ingenio,
1019 2165 1149 2195 doctrina
1162 2166 1256 2195 clarus
1270 2171 1300 2196 et
1314 2172 1386 2201 arte,

757 2215 898 2243 Pulvereo
911 2213 958 2242 hic
972 2213 1088 2251 tegeris,
1103 2213 1186 2242 doct-e
1202 2213 1353 2248 Richarde,
1368 2213 1437 2243 situ.

717 2262 814 2298 Quem
831 2261 919 2291 tellus
932 2261 1035 2299 genuit
1049 2259 1126 2289 felici
1141 2259 1251 2288 Scotiea
1264 2264 1360 2299 partu,

755 2309 799 2337 Te
813 2308 892 2337 fovet
907 2308 937 2335 in
951 2307 1060 2345 gremio
1075 2307 1188 2335 Gallica
1202 2312 1280 2335 terra
1294 2316 1354 2335 sno.

719 2356 771 2384 Nil
784 2355 838 2384 tibi
854 2355 942 2384 Parca
955 2355 1035 2384 ferox
1050 2354 1156 2388 nocuit,
1171 2363 1244 2392 quae
1258 2353 1381 2383 stamina
1394 2362 1481 2392 parvo
