2060 2848
411 310 476 340 550
795 309 1028 342 HISTORIA
1052 309 1426 344 ECCLESIASTICA

562 403 606 437 In
624 402 822 448 Prophetas
839 404 993 438 minores
1300 405 1363 441 lib.
1381 414 1457 440 ΧΠ.

560 460 605 495 In
622 471 744 495 omnes
761 460 945 506 Epistolas
963 460 1067 496 Pauli
1297 463 1358 498 lib.
1379 472 1504 498 XXIII.

561 518 606 553 In
623 516 805 563 Epistolas
822 518 1019 553 canonicas
1300 521 1362 555 lib.
1383 529 1455 556 v11.

560 575 605 611 In
622 575 717 610 Acta
733 574 989 620 Apostolorum
1300 578 1362 613 lib.
1382 586 1408 612 1.

559 633 603 669 In
621 633 865 679 Apocalypsin
882 633 906 667 J
908 633 1033 668 oannis
1298 635 1359 670 lib.
1379 644 1406 669 1.

557 691 613 726 De
630 691 820 730 Univers0‚
843 690 889 724 ad
915 689 1142 735 Haymonem
1157 689 1400 736 Episcopum,
1428 693 1490 727 lib.
1509 701 1615 728 xxu.
1666 694 1801 730 Putant

609 748 842 793 etymologias
861 758 947 781 esse.

555 806 612 840 De
628 804 824 840 universali
841 803 877 838 N
879 809 990 839 atura,
1060 826 1065 830 κ
1297 805 1360 840 lib.
1380 814 1406 840 1.

555 863 611 897 De
628 862 761 897 Officiis
779 861 912 895 divinis
1297 862 1359 897 lib.
1379 871 1405 897 Ι.

556 920 612 954 De
630 920 808 964 Computo
824 918 1019 965 Dialogum
1297 920 1358 954 lib.
1379 929 1404 955 1.

497 995 500 999 ⁴
554 978 611 1013 De
629 977 907 1018 Quaestionibus
925 976 1114 1011 Canonum
1297 977 1360 1012 lib.
1380 987 1406 1012 1.

554 1036 609 1070 De
627 1034 941 1070 Benedictionibus
960 1034 1252 1069 Patriarcharum
1294 1035 1356 1069 lib.
1377 1044 1401 1070 1.

552 1093 737 1138 Epistolas
755 1092 800 1126 ad
818 1091 1044 1126 Ludovicum
1062 1091 1200 1138 Regem
1293 1093 1354 1127 lib.
1376 1103 1401 1127 1.

553 1150 615 1185 Ad
633 1150 871 1196 Reginaldum
891 1149 1111 1195 Episcopum
1293 1150 1355 1184 lib.
1375 1159 1400 1184 1.

553 1207 736 1253 Epistolas
756 1207 801 1241 ad
819 1207 979 1241 diversos
1295 1207 1355 1242 lib.
1377 1216 1402 1241 1.

457 1266 565 1300 Hunc
581 1270 722 1299 tantum
740 1269 775 1298 et
801 1268 875 1298 tam
901 1264 1002 1308 pium
1026 1264 1245 1309 scriptorem,
1270 1275 1377 1310 quem
1400 1276 1473 1299 non
1496 1266 1573 1300 sine
1599 1268 1798 1303 sanctitatis

406 1324 572 1368 opinione
588 1322 716 1357 obiisse
734 1321 938 1366 probissimi
952 1325 1113 1356 auctores
1126 1326 1316 1362 testantur,
1331 1322 1434 1368 cujus
1448 1324 1684 1359 eruditionem
1699 1326 1800 1360 bibli·

405 1381 548 1415 othecae
576 1391 698 1414 omnes
727 1379 985 1419 commendent,
1011 1382 1053 1413 ut
1078 1379 1238 1423 loquitur
1264 1379 1403 1425 Gaspar
1429 1380 1640 1422 Bruschius,
1666 1384 1798 1417 mirum

404 1450 512 1483 quam
529 1439 620 1472 male
638 1437 757 1471 feriati
775 1436 1002 1471 traduxerint
1026 1440 1062 1470 et
1083 1437 1329 1478 laceraverint,
1356 1442 1392 1472 et
1414 1438 1510 1473 inter
1533 1439 1621 1474 alios
1640 1439 1798 1474 Thomas

403 1496 606 1530 lValdensis
623 1494 790 1539 Epistola
806 1494 852 1528 ad
870 1494 1070 1528 Martinum
1087 1492 1132 1527 V.
1150 1494 1245 1528 inter
1261 1495 1457 1530 haereticos
1475 1497 1588 1540 ponit,
1607 1498 1702 1541 quod
1726 1509 1797 1532 non

404 1554 491 1587 bene
517 1553 560 1586 de
586 1551 818 1586 Eucharistia
843 1551 1017 1592 senserit3
1045 1551 1106 1584 sed
1136 1550 1226 1585 falso
1252 1551 1456 1587 Waldensis
1482 1553 1542 1587 ille
1567 1555 1796 1599 praecipuum

403 1610 565 1644 ecclesiae
595 1609 771 1643 vindicem
800 1607 975 1649 infamat3
1008 1619 1122 1653 neque
1148 1608 1339 1653 quisquam
1371 1620 1413 1644 ea
1442 1615 1653 1656 tempestate
1686 1611 1728 1646 de
1758 1623 1796 1646 re

402 1667 635 1702 ecclesiastica
652 1666 777 1700 melius
794 1665 955 1699 meritus.

452 1724 583 1759 Obitus
601 1723 726 1758 incidit
743 1723 782 1756 in
798 1733 950 1768 regnum
967 1722 1122 1756 Donaldi
1139 1722 1185 1758 V.
1205 1724 1302 1767 apud
1319 1722 1453 1765 Scotos,
1472 1729 1509 1759 et
1521 1725 1711 1770 imperium
1726 1725 1794 1761 Lo-

403 1783 511 1817 tharii
541 1792 635 1816 anno
665 1788 855 1815 DCCCLVI.
885 1784 928 1814 ut
957 1780 1145 1814 concordes
1183 1785 1268 1815 sunt
1304 1780 1534 1816 Hermannus
1569 1782 1794 1824 Contractus,

401 1839 616 1874 Lambertus
635 1837 988 1883 Schafnaburgensis,
1015 1837 1202 1871 Marianus
1220 1837 1358 1878 Scotus,
1385 1839 1590 1883 compilatio
1613 1839 1795 1876 chronolo-

401 1897 490 1943 gica,
508 1896 713 1942 Sigebertus
732 1899 767 1929 et
784 1894 867 1935 alii3
894 1905 958 1929 nec
975 1894 1140 1929 dissentit
1156 1896 1262 1930 ullus.

449 1954 660 1999 Epicedium
678 1953 746 1987 sibi
763 1952 905 1997 scripsit
922 1952 1038 1992 vivus,
1056 1956 1098 1987 ut
1112 1952 1149 1986 in
1163 1952 1405 1998 Moguntiacis
1424 1953 1460 1987 N
1462 1953 1594 1989 icolaus
1613 1954 1793 1991 Serrarius

401 2012 549 2053 censuit,
577 2016 612 2046 et
632 2011 709 2057 jam
735 2010 798 2044 diu
821 2015 926 2044 antea
950 2009 1083 2054 publici
1104 2010 1199 2056 juris
1224 2009 1357 2044 fecerat
1382 2010 1558 2045 Melchior
1585 2011 1793 2057 Hittorpius

400 2070 437 2104 in
456 2068 720 2104 Commentario
743 2069 786 2103 de
809 2067 941 2102 divinis
958 2066 1137 2102 Ecclesiae
1155 2067 1361 2102 Catholicae
1380 2067 1526 2110 Officiis,
1545 2073 1580 2103 et
1596 2069 1793 2114 praefixum

400 2132 498 2161 extat
524 2126 624 2161 libris
650 2126 693 2160 de
720 2125 952 2160 Institutione
978 2124 1207 2167 Clericorum,
1238 2137 1318 2160 cum
1345 2127 1411 2161 hac
1436 2127 1678 2172 inscriptione,
1704 2127 1793 2172 Epi-

401 2185 538 2218 cedium
570 2183 712 2217 Rabani
743 2182 864 2217 Mauri
895 2183 934 2217 in
958 2182 1082 2217 Vitam
1108 2194 1221 2217 suam.
1274 2183 1367 2218 Suae
1398 2184 1506 2218 etiam
1532 2184 1679 2218 editioni
1704 2184 1791 2219 Poe-

398 2247 535 2275 matum
554 2240 694 2275 Rabani
717 2240 869 2275 inseruit
892 2240 1083 2274 Browerus
1107 2251 1188 2286 pag.
1209 2249 1274 2275 xc.
1327 2240 1415 2275 Inde
1439 2246 1479 2275 tu
1502 2246 1632 2285 repete,
1651 2241 1680 2274 si
1701 2242 1792 2276 tanti

399 2298 565 2343 putabis3
593 2309 658 2343 ego
677 2302 770 2332 certe
788 2298 948 2342 ineptum
966 2298 1112 2332 titulum
1139 2309 1263 2333 censeo
1281 2299 1425 2343 quidem
1443 2298 1532 2332 illud
1551 2309 1637 2338 esse,
1665 2303 1685 2317 ‘⁶
1705 2298 1791 2343 Epi-

398 2356 535 2390 cedium
558 2356 596 2389 in
621 2356 733 2389 vitam
759 2355 892 2389 suam?
943 2355 1021 2389 Aut
1038 2355 1100 2389 ubi
1118 2354 1156 2389 in
1173 2356 1388 2400 antiquitate
1413 2354 1604 2400 exempla?
1657 2355 1790 2390 Versus

397 2413 522 2447 deinde
552 2412 621 2457 ipsi
655 2423 769 2457 neque
804 2413 960 2447 seculum
994 2412 1083 2446 illud
1118 2424 1182 2447 nec
1215 2414 1350 2458 stylum
1385 2413 1528 2447 omnino
1563 2412 1701 2447 Rabani
1738 2424 1789 2446 sa-
