2060 2848
659 299 833 333 GENTIS
858 299 1132 340 SCOTORUM,
1155 301 1244 335 LIB.
1267 303 1380 335 XVII.
1650 306 1709 345 591

657 449 955 485 GULIELMUS
980 451 1221 487 SETONUS.
1276 452 1382 488 1063.

332 566 584 600 GULIELMUS
606 564 770 605 Setonus,
796 565 1017 601 nobilissima
1039 566 1176 601 familia
1206 566 1437 601 Meldromiae
1463 572 1574 608 ortus,
1604 569 1712 604 bonas

332 628 425 658 artes
449 623 544 657 domi
569 626 604 657 et
628 622 695 657 sub
719 622 843 667 Lipsio
870 624 1014 657 sedulus
1042 623 1178 664 didicit,
1204 624 1243 658 in
1268 623 1392 658 Galliis
1419 635 1499 658 cum
1525 626 1628 660 laude
1653 627 1712 661 do-

332 681 428 721 cuit;
449 680 771 726 jurisprudentiam
796 690 880 713 vero
903 684 977 714 tam
1000 691 1120 714 severe
1145 681 1265 721 coluit,
1288 686 1330 716 ut
1354 692 1417 716 nec
1443 682 1482 715 in
1504 687 1629 717 senatu
1653 694 1714 727 pa-

333 739 403 772 trio
432 738 564 771 multos
594 748 707 781 pares,
735 747 800 771 nec
828 736 1029 783 Andegavi,
1061 738 1122 771 ubi
1152 738 1271 784 regius
1301 738 1478 782 professor
1509 751 1586 774 eam
1616 751 1713 774 exer-

333 796 418 835 cuit,
436 795 602 829 habuisse
619 798 812 828 censeatur.
856 794 925 828 Est
942 795 999 828 vir
1017 794 1219 835 omniscius,
1238 795 1356 829 variae
1376 799 1412 829 et
1428 806 1538 839 paene
1555 796 1712 831 infinitae

333 852 505 892 lectionis,
542 852 603 886 sed
634 852 769 897 ingenii
799 852 1025 886 vehementer
1055 863 1076 885 a
1106 851 1392 886 lucubrationum
1421 863 1568 887 suarum
1599 854 1713 898 publi-

334 909 470 943 catione
495 907 730 943 abhorrentis.
783 908 903 943 Habet
930 919 1015 943 vero
1042 909 1246 953 propediem
1274 910 1386 943 multa
1412 910 1569 950 edenda;
1597 911 1634 944 in
1656 910 1712 944 his

333 970 416 1000 sunt

483 1022 652 1056 Novellae
682 1033 762 1056 cum
793 1021 897 1056 MSS.
928 1021 1072 1056 Graecis
1101 1023 1258 1063 collatae,
1286 1027 1322 1057 et
1346 1024 1440 1057 notis
1466 1024 1713 1059 eruditissimis

529 1082 687 1117 ornatae,
704 1078 765 1111 lib.
785 1087 810 1111 1.

383 1134 485 1168 Vivit
511 1133 646 1168 Romae
671 1134 836 1169 omnibus
865 1135 1015 1169 literatis
1045 1135 1259 1176 carissimus,
1295 1137 1356 1170 sed
1390 1137 1576 1181 praecipue
1610 1138 1707 1172 illus·

334 1190 491 1226 trissimo
508 1189 660 1234 principi
677 1190 724 1223 D.
742 1189 899 1234 Scipioni
925 1190 962 1225 S.
989 1191 1035 1225 R.
1062 1191 1108 1226 E.
1135 1192 1317 1227 Cardinali
1343 1192 1552 1234 Cobellutio‚
1578 1195 1633 1228 cui
1657 1200 1708 1228 est

333 1246 558 1286 domesticus,
576 1252 611 1281 et
629 1247 746 1293 gentis
765 1248 938 1281 columna.

661 1359 959 1395 GULIELMUS
984 1360 1224 1396 SETONUS.
1279 1362 1386 1397 1064.

335 1475 584 1511 GULIELMUS
601 1474 752 1509 Setonus
769 1475 831 1509 ubi
850 1475 991 1516 vixerit,
1015 1477 1053 1510 in
1078 1475 1195 1510 Gallia
1216 1487 1262 1511 an
1279 1476 1481 1518 Germania,
1506 1489 1577 1513 non
1600 1479 1714 1514 obser-

335 1533 428 1566 vavi.
480 1531 630 1576 Scripsit

484 1588 539 1622 De
557 1589 740 1623 Curatrice
757 1588 950 1636 Chirurgia
972 1590 1033 1624 lib.
1057 1599 1083 1624 1.
1135 1590 1302 1625 Meminit
1325 1591 1504 1626 Paschalis
1530 1592 1652 1627 Gallus
1678 1594 1715 1627 in

533 1645 754 1680 Bibliotheca
772 1646 912 1680 Medica
928 1658 1009 1693 pag.
1028 1655 1180 1682 CXXIII.

386 1703 525 1738 Floruit
542 1714 637 1738 anno
656 1712 888 1738 Mccccxcv.

618 1815 943 1851 ALEXANDER
967 1816 1197 1851 SETONUS
1224 1817 1273 1852 Η.
1329 1817 1435 1852 1065.

337 1932 606 1966 ALEXANDER
633 1930 784 1965 Setonus
810 1931 1007 1977 theologus,
1033 1931 1164 1966 Jacobo
1182 1931 1227 1966 V.
1254 1933 1329 1978 regi
1354 1944 1376 1967 a
1401 1932 1507 1966 sacris
1529 1933 1714 1968 confessio-

334 1989 451 2028 nibus,
477 1993 618 2022 mortuo
644 1999 726 2033 rege
751 1987 925 2021 haeresim
951 1987 1117 2029 Londini,
1143 1989 1194 2023 ait
1220 1988 1408 2029 Personus,
1438 1994 1491 2023 est
1521 1990 1713 2033 amplexus.

336 2045 486 2090 Scripsit
503 2046 616 2080 multa
631 2056 640 2085 ;
668 2045 707 2078 iu
724 2044 791 2084 his,

484 2102 673 2137 Processus
691 2113 775 2136 suae
792 2100 1079 2136 Examinationis
1266 2103 1325 2137 lib.
1346 2112 1370 2136 1.
1421 2113 1509 2147 opus
1555 2103 1713 2147 impium,

530 2160 616 2204 quia
632 2159 764 2193 Balaeo
782 2159 932 2202 placens.

485 2216 529 2250 In
546 2221 734 2261 utramque
751 2215 951 2260 Epistolam
969 2215 1066 2250 Petri
1264 2216 1324 2250 lib.
1345 2225 1386 2250 11.

485 2273 528 2308 In
546 2273 761 2307 Canonicam
778 2272 901 2306 Jacobi
1266 2274 1326 2307 lib.
1347 2282 1371 2307 1.

484 2330 678 2365 Conciones
1062 2354 1065 2357 -
1267 2330 1328 2364 lib.
1350 2339 1375 2364 1.

390 2388 489 2422 Obiit
507 2387 662 2422 Londini
680 2388 718 2422 in
735 2387 879 2422 aedibus
896 2386 1193 2434 Sudovolgiorum
1210 2388 1309 2423 ducis
1326 2398 1419 2425 anno
1438 2395 1605 2422 MDxml.
