2060 2848
382 311 445 341 432
774 311 1005 344 HISTORIA
1029 312 1402 345 ECCLESIASTICA

384 406 486 439 aliter
497 405 575 439 Deo
588 406 705 439 visum
723 405 861 441 fuisset.
907 407 1004 440 Hinc
1022 407 1159 453 colligo,
1178 412 1214 442 et
1231 409 1344 448 illum,
1363 413 1398 442 et
1416 409 1617 452 discipulos,
1636 414 1671 443 et
1686 420 1778 443 mer-

384 475 439 496 ces
458 464 535 496 illas
561 463 718 508 ejusdem
747 475 821 497 esse
847 465 987 509 gentis:
1015 465 1096 498 vide
1121 466 1182 499 lib.
1210 475 1270 499 111.
1298 466 1335 499 in
1362 464 1401 500 S.
1425 464 1666 500 columbano.-
1694 477 1777 499 nam

385 521 575 554 verisimile
592 532 664 554 non
682 525 735 555 est
761 521 905 555 Scotum
929 522 1142 567 magistrum
1168 523 1302 557 alienae
1328 524 1445 569 gentis
1472 523 1633 557 homines
1659 524 1696 557 in
1724 535 1777 557 co-

383 578 549 612 mitatum
567 589 671 612 suum
690 579 881 613 adsciscere
900 580 1065 614 voluisse.
1118 580 1258 624 Scripta
1275 579 1375 614 Luae
1393 581 1438 614 ad
1467 581 1674 614 memoriam
1699 592 1779 615 nos-

384 640 474 668 tram
495 647 566 669 non
586 646 722 669 venere.

433 693 575 726 Floruit
592 694 705 727 redux
722 705 817 727 anno
836 703 903 727 DL.
955 694 1095 728 Colitur
1113 704 1187 729 XII.
1207 695 1230 728 J
1233 695 1308 729 ulii.
1361 695 1599 741 Martyrolog.
1619 696 1763 742 Anglic.

891 807 926 841 S.
955 807 1121 842 LUCIA.
1176 811 1258 846 797.

383 921 418 955 S.
438 922 582 962 LUCIA,
602 923 706 968 virgo
727 922 919 962 Ursulana‚
947 928 1096 967 martyr,
1123 923 1295 968 gloriosas
1315 935 1396 957 suas
1415 924 1584 968 reliquias
1603 925 1777 960 divinitus

383 981 539 1013 revelare
558 980 717 1026 dignata,
742 981 779 1013 in
797 981 942 1025 regione
966 980 1168 1014 Coloniensi
1197 992 1236 1014 ac
1263 981 1470 1015 Trevirensi
1498 982 1650 1016 colitur:
1679 994 1778 1017 sanc-

383 1046 500 1071 torum
519 1049 666 1081 operum
685 1038 835 1083 gloriam
854 1038 1035 1077 miracula,
1054 1050 1144 1082 quae
1162 1037 1260 1072 Deus
1279 1050 1342 1082 per
1360 1050 1437 1072 eam
1465 1045 1643 1083 operatur,
1671 1045 1776 1074 attes-

382 1099 515 1129 tantur.
568 1095 650 1128 Ado
668 1096 705 1129 in
725 1095 998 1140 Martyrologio,
1018 1102 1053 1129 et
1072 1095 1115 1129 P.
1133 1095 1310 1129 Canisius.

432 1152 543 1186 Passa
560 1157 613 1187 est
631 1163 735 1192 anno,
754 1153 822 1192 die,
841 1157 877 1186 et
893 1153 969 1186 loco
987 1164 1067 1186 cum
1086 1153 1164 1186 aliis
1183 1154 1442 1194 communibus,
1462 1163 1600 1187 CDLIV.

843 1268 879 1301 S.
907 1262 1177 1302 LUGADIUS.
1229 1271 1311 1306 798.

379 1384 414 1417 S.
435 1383 661 1423 LUGADIUS,
681 1382 788 1417 abbas
807 1382 944 1423 Scotus,
966 1382 1061 1417 Divo
1079 1383 1273 1417 Columbae
1291 1383 1330 1417 in
1349 1383 1468 1418 Scotia
1494 1385 1645 1430 triginta
1671 1386 1774 1419 annis

378 1441 537 1475 haerenti
556 1441 752 1480 familiaris,
766 1446 808 1475 ut
825 1445 949 1475 auctor
962 1440 1198 1475 Adamannus
1216 1441 1254 1474 in
1272 1440 1359 1475 Vita
1382 1442 1490 1481 illius,
1517 1443 1772 1477 monasterium

378 1500 470 1533 rexit
489 1511 509 1532 a
527 1510 563 1532 se
581 1499 762 1533 conditum
781 1499 818 1532 in
837 1499 952 1532 insula
971 1499 1119 1537 modica,
1146 1510 1236 1542 quae
1260 1499 1297 1531 in
1316 1498 1408 1532 freto
1427 1500 1542 1533 medio
1570 1500 1650 1539 sita,
1678 1500 1772 1545 quod

379 1556 534 1590 Scotiam
554 1557 597 1590 ab
617 1556 792 1590 Hibernia
810 1556 948 1589 dirimit
962 1566 982 1595 ;,
999 1555 1085 1589 haec
1104 1556 1248 1599 quidem
1272 1567 1345 1589 una
1369 1568 1491 1590 earum
1519 1569 1607 1602 quas
1635 1563 1771 1592 veteres

379 1614 548 1647 Hebudes
566 1615 800 1657 appellarunt,
823 1613 990 1646 Giraldus
1010 1612 1235 1646 cambrensis
1254 1613 1450 1653 Leucadem,
1478 1615 1554 1647 sive
1573 1614 1747 1648 Inchadas
1763 1624 1770 1647 ε

378 1671 527 1705 Ethicas
546 1682 630 1704 vero
648 1672 764 1704 nescio
789 1682 860 1715 qua
883 1670 1021 1704 ratione
1048 1669 1263 1709 Beteoricas,
1291 1671 1360 1703 nisi
1386 1670 1489 1711 forte,
1516 1672 1612 1716 quod
1638 1671 1771 1706 fretum

379 1728 616 1772 Hispanicum
634 1729 840 1772 despiciant.
893 1728 1005 1761 Porro
1023 1727 1208 1772 Lugadius
1228 1728 1414 1761 Raclinam
1428 1729 1545 1774 elegit,
1565 1730 1603 1762 in
1622 1741 1694 1773 qua
1710 1730 1771 1763 do-

378 1786 548 1819 micilium
568 1786 645 1820 Deo
663 1786 838 1825 conderet,
856 1797 928 1830 quo
945 1786 1045 1819 brevi
1060 1790 1180 1819 tantus
1195 1786 1447 1819 monachorum
1460 1797 1631 1820 numerus
1645 1798 1771 1821 conve-

378 1845 443 1883 nit,
461 1849 503 1877 ut
517 1855 605 1888 opus
620 1844 729 1877 fuerit
743 1844 780 1877 in
794 1844 1033 1877 continentem
1047 1844 1177 1876 multos
1191 1844 1383 1877 remittere.
1438 1843 1599 1878 Observa
1616 1845 1685 1884 hic,
1703 1846 1770 1879 lec-

378 1907 445 1941 tor,
464 1902 626 1935 ecclesiae
639 1902 735 1935 illius
746 1900 934 1941 fervorem,
948 1906 983 1935 et
997 1900 1284 1934 ardentissimum
1300 1900 1377 1934 Deo
1391 1902 1569 1935 serviendi
1586 1903 1745 1936 studium
1759 1913 1768 1943 ;

377 1970 458 1993 nam
486 1970 566 1992 cum
585 1959 748 1993 monachi
766 1959 817 1992 illi
846 1959 1046 2003 potuissent
1072 1958 1110 1991 in
1133 1959 1341 1998 continenti,
1367 1959 1452 1993 locis
1479 1958 1669 1999 fertilibus,
1694 1971 1770 1994 coe-

376 2017 482 2050 nobia
499 2028 565 2050 sua
587 2017 813 2056 constituere,
840 2017 934 2050 unde
960 2020 996 2050 et
1021 2016 1217 2050 necessaria
1243 2016 1355 2050 victui
1382 2016 1450 2050 sibi
1474 2017 1561 2060 ipsis
1588 2022 1768 2061 pararent,

376 2079 482 2119 atque
500 2075 578 2108 aliis
592 2075 698 2108 etiam
712 2075 920 2118 prodessent
933 2074 1209 2112 conversatione,
1225 2074 1426 2108 maluerunt
1443 2078 1562 2108 tamen
1577 2075 1768 2109 solitudine

376 2132 487 2166 abditi
506 2144 589 2166 suae
607 2133 745 2166 animae
758 2132 969 2176 prospicere,
984 2143 1023 2165 ac
1038 2131 1203 2175 piscibus,
1218 2132 1318 2170 lacte,
1334 2131 1580 2176 fructibusque
1595 2133 1765 2166 silvestri-

376 2191 441 2224 bus
460 2190 574 2229 vesci3
599 2190 684 2223 haec
701 2190 795 2223 enim
813 2190 929 2223 insula
948 2189 1093 2229 Richea,
1112 2200 1174 2222 seu
1192 2189 1331 2227 Ricina,
1358 2194 1399 2223 ut
1425 2194 1460 2223 et
1478 2194 1625 2230 ceterae,
1645 2189 1766 2235 fruges

376 2259 447 2281 non
461 2248 635 2291 producit,
650 2251 690 2280 ut
702 2247 844 2280 Solinus
856 2248 1017 2280 notavit:
1036 2252 1070 2280 et
1084 2246 1169 2280 haec
1183 2252 1284 2280 erant
1298 2258 1406 2280 aurea
1419 2247 1490 2286 illa,
1505 2258 1544 2280 ac
1559 2247 1681 2280 divino
1695 2249 1767 2281 cul-

375 2305 428 2338 tui
440 2305 638 2348 mancipata
650 2306 775 2343 secula,
787 2304 916 2348 quibus
928 2305 1084 2350 religiosi
1097 2305 1231 2343 vinum,
1240 2305 1436 2343 cervisiam,
1445 2309 1507 2337 aut
1517 2315 1644 2348 panem
1656 2306 1767 2339 nesci-

376 2366 466 2396 rent.
494 2361 561 2395 Vir
572 2360 604 2394 S.
619 2361 803 2407 Lugadius
815 2372 907 2395 unus
919 2373 937 2395 e
951 2362 1075 2406 primis
1087 2362 1240 2402 videtur,
1256 2361 1318 2405 qui
1330 2366 1508 2394 austeram
1520 2361 1610 2395 hanc
1622 2362 1765 2396 vivendi

376 2420 489 2464 legem
501 2419 567 2452 sibi
581 2419 724 2462 suisque
736 2419 996 2463 proposuerint,
1004 2419 1106 2464 cujus
1119 2419 1313 2463 discipulus
1328 2417 1361 2452 S.
1374 2417 1538 2452 Aidanus
1552 2420 1699 2453 eandem
1713 2431 1766 2453 re-
