2060 2848
675 313 851 346 GENTIS
875 312 1150 352 SCOTORUM,
1174 313 1263 346 LIB.
1288 314 1365 346 XV.
1645 314 1705 346 521

323 420 360 443 se
377 413 502 443 natum
520 407 750 446 contendunt,
767 405 913 440 Scotum
931 418 1005 440 esse
1023 418 1089 452 ego
1102 407 1223 451 probo.
1275 406 1448 452 Sigebert.
1464 406 1704 441 Gemblacens.

323 465 455 499 Chron.
473 464 518 498 ad
535 474 669 497 annum
687 471 876 497 eccxcw.
897 467 918 482 ‘⁶
935 462 972 496 S.
992 462 1168 497 Patricius
1186 463 1312 497 Scotus
1329 473 1409 496 cum
1427 463 1502 497 suis
1527 464 1706 498 sororibus

322 521 491 554 venditur
517 520 555 553 in
581 519 766 558 Hibernia,
792 518 854 553 ubi
880 530 961 553 cum
987 524 1079 553 esset
1104 520 1198 565 regis
1228 520 1420 563 porcarius,
1458 520 1574 566 angeli
1605 530 1707 564 saepe

322 577 476 622 alloquio
493 576 659 610 fruitur.”
694 575 797 610 Clare
815 576 874 610 ille
890 581 1014 621 gentes
1027 587 1086 610 eas
1099 576 1267 622 sejungit,
1282 581 1317 610 et
1332 576 1370 610 in
1387 576 1506 610 Scotia
1522 580 1658 617 natum,
1672 582 1707 611 et

320 634 359 667 in
377 633 554 667 Hibernia
572 633 757 667 venditum
775 633 866 666 vult.
892 632 975 667 Ado
1001 633 1226 668 Trevirensis
1252 633 1290 667 in
1316 633 1576 679 Martyrologio
1602 641 1706 669 xvn.

321 690 447 725 Martii
462 699 471 724 z
504 695 525 710 “
539 691 583 724 In
597 690 715 724 Scotia
732 690 849 724 natale
866 689 988 724 Sancti
1006 690 1165 730 Patricii,
1183 690 1337 735 episcopi
1355 695 1390 725 et
1407 689 1626 730 confessoris,
1645 690 1707 735 qui

321 748 460 792 primus
478 747 609 782 ibidem
627 747 812 781 Christum
836 747 1126 793 evangelizavit.'’
1175 746 1302 781 Franc.
1322 747 1552 792 Maurolycus
1570 746 1707 792 Marty-

321 804 457 850 rologio
483 805 605 839 eodem
627 804 707 838 die:
740 808 762 824 ‘⁶
780 803 825 838 In
847 803 967 838 Scotia
990 805 1109 838 natale
1134 803 1254 838 Sancti
1279 803 1426 838 Patricii
1451 804 1616 848 episcopi,
1644 804 1706 848 qui

321 861 459 905 primus
489 861 539 895 ibi
570 860 754 895 Christum
777 861 1048 907 evangelizavit,
1072 865 1108 895 et
1133 860 1298 894 maximis
1322 860 1516 894 virtutibus
1542 865 1577 895 et
1600 861 1705 894 mira-

321 918 410 951 culis
428 918 567 957 claruit,
585 922 693 962 atque
709 918 748 951 in
767 917 942 952 Hibernia
958 918 1004 952 ad
1021 917 1233 952 edomandos
1252 917 1420 951 barbarae
1437 917 1554 963 gentis
1568 918 1705 953 animos

322 985 387 1018 ope
404 974 528 1008 divina
544 974 753 1009 barathrum
770 973 855 1008 fecit
871 974 1101 1013 horrendum,
1118 973 1214 1019 quod
1231 973 1267 1007 S.
1282 973 1431 1008 Patricii
1449 973 1705 1020 Purgatorium

321 1031 505 1076 hucusque
530 1032 740 1075 appellatur,
767 1031 806 1064 in
830 1031 926 1075 quod
950 1030 1200 1065 descendentes
1225 1030 1382 1074 quidam,
1405 1031 1537 1065 reversi
1564 1032 1705 1066 mirabi-

322 1088 371 1122 lia
387 1099 425 1122 se
443 1088 574 1122 vidisse
591 1087 782 1121 referunt.'’
825 1087 877 1122 Et
894 1088 953 1121 ille
972 1087 1183 1121 Hiberniam
1200 1098 1222 1120 a
1238 1086 1357 1121 Scotia
1373 1092 1524 1132 separat.
1577 1088 1705 1122 Petrus

322 1145 524 1179 Galesinius
542 1144 815 1178 Protonotarius
833 1145 872 1178 in
890 1144 1126 1189 Martyrolog.
1151 1148 1173 1163 “
1191 1142 1235 1178 In
1259 1143 1378 1178 Scotia
1395 1144 1430 1178 S.
1450 1144 1608 1185 Patricii,
1635 1146 1706 1189 epi-

322 1202 416 1246 scopi
436 1206 472 1236 et
489 1200 710 1241 confessoris,
733 1201 796 1245 qui
818 1201 957 1245 primus
974 1211 1052 1234 eam
1070 1201 1248 1235 nationem
1268 1199 1404 1235 Christi
1421 1201 1529 1235 sacris
1547 1201 1707 1236 imbuit.'’

322 1258 509 1293 Usuardus
526 1258 650 1292 itidem
668 1258 706 1291 in
723 1258 998 1304 Martyrologio,
1022 1258 1118 1302 quod
1142 1262 1270 1303 rogatu
1292 1257 1409 1291 Caroli
1427 1258 1553 1304 Magni
1571 1269 1708 1303 compo-

323 1315 418 1349 suit:
446 1319 467 1334 “
484 1314 529 1348 In
545 1313 664 1348 Scotia
680 1315 798 1349 natale
821 1315 857 1349 S.
877 1314 1035 1356 Patricii,
1062 1315 1217 1359 episcopi
1243 1318 1278 1349 et
1299 1314 1519 1356 confessoris,
1547 1316 1609 1361 qui
1634 1317 1707 1360 pri-

322 1382 402 1405 mus
414 1371 545 1405 ibidem
558 1371 743 1405 Christum
757 1371 1047 1418 evangelizavit.”
1077 1371 1137 1406 Ab
1150 1383 1201 1411 eo,
1215 1376 1314 1416 puto,
1328 1371 1523 1406 hauserunt
1533 1373 1705 1418 juniores,

322 1428 416 1468 Ado,
432 1427 674 1473 Maurolycus,
688 1433 723 1462 et
736 1427 949 1463 Galesinius.
990 1428 1088 1463 Haec
1105 1428 1225 1468 Siculi,
1244 1429 1338 1469 Itali,
1357 1428 1537 1470 Germani,
1551 1434 1586 1464 et
1599 1429 1704 1470 Galli,

323 1486 367 1519 de
383 1485 420 1519 S.
439 1484 587 1519 Patricii
603 1485 721 1529 patria
736 1485 981 1530 prodiderunt,
998 1491 1034 1520 et
1050 1486 1179 1520 natalis
1196 1486 1254 1520 hic
1270 1496 1342 1520 non
1360 1490 1459 1520 ortus
1472 1487 1620 1531 primus,
1634 1497 1706 1521 non

323 1541 508 1586 depositio,
525 1541 588 1575 sed
604 1541 679 1575 dies
701 1542 973 1576 consecrationis
991 1543 1029 1576 in
1050 1543 1315 1587 episcopatum;
1344 1542 1475 1577 Hilarii
1502 1543 1575 1578 ΡΡ.
1602 1544 1704 1588 epist.

324 1599 370 1634 ad
386 1597 593 1638 Ascanium,
611 1598 646 1632 S.
664 1598 807 1633 Paulini
820 1599 923 1643 epist.
939 1608 1024 1634 XVI.
1046 1600 1090 1634 ad
1107 1598 1298 1640 Delfinum,
1317 1599 1353 1633 S.
1371 1598 1537 1634 Ambros.
1555 1600 1616 1635 lib.
1632 1609 1705 1634 nx.

322 1655 424 1701 epist.
444 1664 512 1690 Lx.
530 1655 576 1690 ad
593 1655 768 1696 Felicem3
795 1656 891 1700 quod
910 1656 1077 1690 Hirlandi
1094 1657 1317 1702 ignorarunt,
1339 1657 1378 1690 in
1395 1656 1469 1691 suis
1486 1662 1610 1692 contra
1626 1657 1707 1692 Sco-

323 1714 411 1747 tiam
429 1717 465 1747 et
482 1712 660 1746 Thomam
676 1711 930 1757 Dempsterum
945 1712 1091 1748 famosis
1108 1714 1247 1748 libellis.
1299 1714 1396 1754 Quid
1412 1713 1524 1760 Angli
1542 1719 1706 1750 censeant

324 1769 594 1814 exquirendum,
617 1770 680 1813 qui
705 1769 838 1804 vicinia
862 1770 930 1804 loci
953 1771 1159 1817 diligentius
1184 1782 1240 1805 res
1266 1775 1405 1806 nostras
1430 1777 1647 1817 cognoscunt
1670 1778 1706 1806 et

325 1829 542 1860 scrutantur.
610 1825 753 1860 Silvest.
788 1826 955 1861 Giraldus
989 1826 1215 1862 Cambrensis
1250 1827 1405 1874 Topogr.
1441 1827 1589 1862 Hibern.
1629 1840 1704 1873 cap.

325 1891 411 1917 xvt.
448 1886 470 1901 ‘⁶
497 1881 674 1916 Patricius
709 1893 793 1917 vero
827 1883 971 1917 natione
1005 1883 1213 1924 Britannus,
1248 1885 1305 1918 vir
1338 1885 1414 1918 vita
1448 1890 1484 1919 et
1517 1885 1704 1919 sanctitate

325 1939 546 1983 conspicuae,
563 1943 735 1985 regnante
752 1938 918 1985 Largirio
943 1938 1039 1973 Nelli
1065 1939 1191 1985 Magni
1215 1940 1287 1974 filio
1311 1941 1465 1974 insulam
1491 1940 1702 1976 Hiberniam

324 1995 484 2035 intravit,
512 2000 547 2029 et
576 1999 717 2041 gentem
746 1995 928 2030 inveniens
950 1996 1173 2030 idololatram
1199 1997 1367 2042 varioque
1393 2009 1510 2031 errore
1534 1998 1703 2037 delusam,

324 2052 461 2097 primus
479 2052 518 2086 in
535 2063 586 2092 ea,
610 2052 733 2085 divina
756 2052 953 2096 opitulante
976 2053 1103 2098 gratia,
1127 2052 1230 2087 fidem
1256 2053 1496 2087 Christianam
1514 2059 1549 2088 et
1567 2055 1704 2098 praedi-

325 2109 420 2144 cavit
454 2114 489 2144 et
523 2109 710 2153 plantavit.
767 2109 966 2153 Baptizatis
996 2110 1116 2153 itaque
1144 2110 1351 2144 catervatim
1382 2110 1533 2154 populis,
1563 2116 1599 2145 et
1629 2116 1704 2146 tota

319 2166 397 2212 jam
420 2166 538 2200 insula
559 2166 604 2200 ad
628 2165 764 2199 Christi
785 2165 889 2199 fidem
916 2176 1094 2206 conversa,
1120 2166 1214 2210 apud
1231 2165 1472 2201 Ardmacham
1497 2167 1564 2201 sibi
1586 2168 1704 2202 sedem

325 2223 442 2269 elegit,
454 2233 562 2267 quam
579 2223 686 2256 etiam
704 2223 805 2266 quasi
822 2223 1045 2266 metropolim
1059 2222 1255 2262 constituit,
1269 2228 1303 2257 et
1317 2223 1500 2267 proprium
1513 2224 1623 2258 totius
1639 2224 1704 2258 Hi-

324 2280 466 2314 berniae
478 2279 686 2324 primarium
698 2280 829 2319 locum3
844 2279 1023 2323 episcopos
1034 2290 1174 2323 quoque
1187 2280 1351 2326 congruis
1361 2280 1399 2314 in
1412 2280 1496 2314 locis
1509 2281 1702 2320 collocavit,

325 2341 367 2370 ut
383 2336 421 2369 in
439 2341 576 2380 partem
594 2336 709 2370 vocati
726 2336 984 2375 sollicitudinis,
1007 2336 1101 2380 quod
1118 2336 1194 2380 ipse
1210 2337 1445 2381 plantaverat,
1468 2342 1503 2371 et
1522 2337 1591 2381 ipsi
1614 2338 1706 2383 riga-

325 2398 416 2434 rent,
443 2393 541 2428 Deus
566 2398 684 2428 autem
711 2393 927 2427 incrementa
950 2392 1082 2428 daret.”
1133 2392 1197 2427 Ille
1214 2393 1344 2428 diserte
1369 2393 1583 2428 Britannum
1609 2393 1703 2434 facit,
