<?xml version="1.0" encoding="UTF-8"?>
<!DOCTYPE html PUBLIC "-//W3C//DTD XHTML 1.0 Transitional//EN"
    "http://www.w3.org/TR/xhtml1/DTD/xhtml1-transitional.dtd">
<html xmlns="http://www.w3.org/1999/xhtml" xml:lang="en" lang="en">
 <head>
  <title>
</title>
<meta http-equiv="Content-Type" content="text/html;charset=utf-8" />
  <meta name='ocr-system' content='tesseract 3.04.00' />
  <meta name='ocr-capabilities' content='ocr_page ocr_carea ocr_par ocr_line ocrx_word'/>
</head>
<body>
  <div class='ocr_page' id='page_1' title='image "./thomaedempster2102dempuoft_0141.png"; bbox 0 0 2060 2848; ppageno 0'>
   <div class='ocr_carea' id='block_1_1' title="bbox 681 320 1719 359">
    <p class='ocr_par' dir='ltr' id='par_1_1' title="bbox 681 320 1719 359">
     <span class='ocr_line' id='line_1_1' title="bbox 681 320 1719 359; baseline 0.003 -7"><span class='ocrx_word' id='word_1_1' title='bbox 681 320 855 353; x_wconf 89' lang='lat' dir='ltr'>GENTIS</span> <span class='ocrx_word' id='word_1_2' title='bbox 880 320 1157 359; x_wconf 91' lang='lat' dir='ltr'>SCOTORUM,</span> <span class='ocrx_word' id='word_1_3' title='bbox 1181 322 1270 354; x_wconf 91' lang='lat' dir='ltr'><strong>LIB.</strong></span> <span class='ocrx_word' id='word_1_4' title='bbox 1293 323 1374 354; x_wconf 92' lang='lat' dir='ltr'>XII.</span> <span class='ocrx_word' id='word_1_5' title='bbox 1660 325 1719 357; x_wconf 81' lang='lat'>471</span> 
     </span>
    </p>
   </div>
   <div class='ocr_carea' id='block_1_2' title="bbox 331 414 1719 1020">
    <p class='ocr_par' dir='ltr' id='par_1_2' title="bbox 331 414 1719 803">
     <span class='ocr_line' id='line_1_2' title="bbox 337 414 1719 460; baseline 0.001 -10"><span class='ocrx_word' id='word_1_6' title='bbox 337 415 547 459; x_wconf 87' lang='lat' dir='ltr'>Stephanus,</span> <span class='ocrx_word' id='word_1_7' title='bbox 577 414 771 448; x_wconf 89' lang='lat' dir='ltr'>monachus</span> <span class='ocrx_word' id='word_1_8' title='bbox 801 414 960 459; x_wconf 86' lang='lat' dir='ltr'>ejusdem</span> <span class='ocrx_word' id='word_1_9' title='bbox 989 416 1105 459; x_wconf 88' lang='lat' dir='ltr'>gentis</span> <span class='ocrx_word' id='word_1_10' title='bbox 1136 420 1169 449; x_wconf 92' lang='lat' dir='ltr'>et</span> <span class='ocrx_word' id='word_1_11' title='bbox 1198 415 1355 449; x_wconf 90' lang='lat' dir='ltr'>coenobii</span> <span class='ocrx_word' id='word_1_12' title='bbox 1384 416 1574 460; x_wconf 83' lang='lat' dir='ltr'>professus,</span> <span class='ocrx_word' id='word_1_13' title='bbox 1610 423 1652 452; x_wconf 88' lang='lat' dir='ltr'>ut</span> <span class='ocrx_word' id='word_1_14' title='bbox 1681 419 1719 452; x_wconf 87' lang='lat' dir='ltr'>in</span> 
     </span>
     <span class='ocr_line' id='line_1_3' title="bbox 336 470 1718 516; baseline 0.003 -11"><span class='ocrx_word' id='word_1_15' title='bbox 336 472 423 505; x_wconf 86' lang='lat' dir='ltr'>actis</span> <span class='ocrx_word' id='word_1_16' title='bbox 452 471 540 516; x_wconf 88' lang='lat' dir='ltr'>ejus,</span> <span class='ocrx_word' id='word_1_17' title='bbox 572 476 608 504; x_wconf 90' lang='lat' dir='ltr'>et</span> <span class='ocrx_word' id='word_1_18' title='bbox 637 481 681 504; x_wconf 84' lang='lat' dir='ltr'>ex</span> <span class='ocrx_word' id='word_1_19' title='bbox 708 471 752 504; x_wconf 86' lang='lat' dir='ltr'>iis</span> <span class='ocrx_word' id='word_1_20' title='bbox 779 471 873 515; x_wconf 86' lang='lat' dir='ltr'>apud</span> <span class='ocrx_word' id='word_1_21' title='bbox 903 470 1081 505; x_wconf 86' lang='lat' dir='ltr'>Uvionem</span> <span class='ocrx_word' id='word_1_22' title='bbox 1111 472 1171 506; x_wconf 94' lang='lat' dir='ltr'>lib.</span> <span class='ocrx_word' id='word_1_23' title='bbox 1202 481 1262 506; x_wconf 83' lang='lat'>111.</span> <span class='ocrx_word' id='word_1_24' title='bbox 1298 472 1542 514; x_wconf 90' lang='lat' dir='ltr'>Mosandrum,</span> <span class='ocrx_word' id='word_1_25' title='bbox 1574 474 1718 509; x_wconf 87' lang='lat' dir='ltr'>Surium</span> 
     </span>
     <span class='ocr_line' id='line_1_4' title="bbox 336 527 1718 572; baseline 0.003 -10"><span class='ocrx_word' id='word_1_26' title='bbox 336 533 420 562; x_wconf 91' lang='lat' dir='ltr'>tom.</span> <span class='ocrx_word' id='word_1_27' title='bbox 441 536 500 562; x_wconf 87' lang='lat'>111.</span> <span class='ocrx_word' id='word_1_28' title='bbox 523 532 558 561; x_wconf 88' lang='lat' dir='ltr'>et</span> <span class='ocrx_word' id='word_1_29' title='bbox 580 528 678 567; x_wconf 89' lang='lat' dir='ltr'>alios,</span> <span class='ocrx_word' id='word_1_30' title='bbox 701 528 849 561; x_wconf 84' lang='lat' dir='ltr'>videbis.</span> <span class='ocrx_word' id='word_1_31' title='bbox 901 527 1085 568; x_wconf 89' lang='lat' dir='ltr'>Memoria,</span> <span class='ocrx_word' id='word_1_32' title='bbox 1103 534 1145 562; x_wconf 88' lang='lat' dir='ltr'>ut</span> <span class='ocrx_word' id='word_1_33' title='bbox 1163 529 1315 569; x_wconf 90' lang='lat' dir='ltr'>videtur,</span> <span class='ocrx_word' id='word_1_34' title='bbox 1334 531 1534 564; x_wconf 79' lang='lat' dir='ltr'>exoleverat</span> <span class='ocrx_word' id='word_1_35' title='bbox 1546 543 1556 572; x_wconf 82' lang='lat'><em>3</em></span> <span class='ocrx_word' id='word_1_36' title='bbox 1586 536 1620 565; x_wconf 90' lang='lat' dir='ltr'>et</span> <span class='ocrx_word' id='word_1_37' title='bbox 1638 543 1718 566; x_wconf 93' lang='lat' dir='ltr'>cum</span> 
     </span>
     <span class='ocr_line' id='line_1_5' title="bbox 334 584 1717 633; baseline 0.003 -15"><span class='ocrx_word' id='word_1_38' title='bbox 334 585 457 629; x_wconf 89' lang='lat' dir='ltr'>templi</span> <span class='ocrx_word' id='word_1_39' title='bbox 474 585 559 618; x_wconf 88' lang='lat' dir='ltr'>novi</span> <span class='ocrx_word' id='word_1_40' title='bbox 583 584 814 619; x_wconf 86' lang='lat' dir='ltr'>fundamenta</span> <span class='ocrx_word' id='word_1_41' title='bbox 834 585 1048 630; x_wconf 82' lang='lat' dir='ltr'>jacerentur,</span> <span class='ocrx_word' id='word_1_42' title='bbox 1076 586 1264 620; x_wconf 89' lang='lat' dir='ltr'>inventum</span> <span class='ocrx_word' id='word_1_43' title='bbox 1290 591 1343 620; x_wconf 91' lang='lat' dir='ltr'>est</span> <span class='ocrx_word' id='word_1_44' title='bbox 1366 587 1561 632; x_wconf 89' lang='lat' dir='ltr'>gloriosum</span> <span class='ocrx_word' id='word_1_45' title='bbox 1579 599 1717 633; x_wconf 91' lang='lat' dir='ltr'>corpus,</span> 
     </span>
     <span class='ocr_line' id='line_1_6' title="bbox 333 642 1718 687; baseline 0.002 -11"><span class='ocrx_word' id='word_1_46' title='bbox 333 654 413 677; x_wconf 92' lang='lat' dir='ltr'>cum</span> <span class='ocrx_word' id='word_1_47' title='bbox 438 642 505 676; x_wconf 88' lang='lat' dir='ltr'>hac</span> <span class='ocrx_word' id='word_1_48' title='bbox 529 643 780 686; x_wconf 87' lang='lat' dir='ltr'>inscriptione:</span> <span class='ocrx_word' id='word_1_49' title='bbox 809 647 830 662; x_wconf 92' lang='lat'><strong>“</strong></span> <span class='ocrx_word' id='word_1_50' title='bbox 849 642 919 676; x_wconf 91' lang='lat' dir='ltr'>Hic</span> <span class='ocrx_word' id='word_1_51' title='bbox 936 643 1161 687; x_wconf 86' lang='lat' dir='ltr'>requiescunt</span> <span class='ocrx_word' id='word_1_52' title='bbox 1179 655 1258 678; x_wconf 87' lang='lat' dir='ltr'>ossa</span> <span class='ocrx_word' id='word_1_53' title='bbox 1275 644 1386 678; x_wconf 89' lang='lat' dir='ltr'>bonae</span> <span class='ocrx_word' id='word_1_54' title='bbox 1404 645 1595 678; x_wconf 87' lang='lat' dir='ltr'>memoriae</span> <span class='ocrx_word' id='word_1_55' title='bbox 1614 646 1718 680; x_wconf 90' lang='lat' dir='ltr'>Mau-</span> 
     </span>
     <span class='ocr_line' id='line_1_7' title="bbox 331 700 1717 745; baseline 0.002 -12"><span class='ocrx_word' id='word_1_56' title='bbox 331 701 412 740; x_wconf 88' lang='lat' dir='ltr'>rini,</span> <span class='ocrx_word' id='word_1_57' title='bbox 430 701 492 744; x_wconf 93' lang='lat' dir='ltr'>qui</span> <span class='ocrx_word' id='word_1_58' title='bbox 511 701 548 734; x_wconf 91' lang='lat' dir='ltr'>in</span> <span class='ocrx_word' id='word_1_59' title='bbox 567 700 730 734; x_wconf 86' lang='lat' dir='ltr'>ecclesiae</span> <span class='ocrx_word' id='word_1_60' title='bbox 748 700 840 734; x_wconf 86' lang='lat' dir='ltr'>atrio</span> <span class='ocrx_word' id='word_1_61' title='bbox 858 701 1070 744; x_wconf 90' lang='lat' dir='ltr'>martyrium</span> <span class='ocrx_word' id='word_1_62' title='bbox 1088 712 1224 745; x_wconf 89' lang='lat' dir='ltr'>passus,</span> <span class='ocrx_word' id='word_1_63' title='bbox 1251 702 1318 735; x_wconf 91' lang='lat' dir='ltr'>sub</span> <span class='ocrx_word' id='word_1_64' title='bbox 1340 701 1396 735; x_wconf 91' lang='lat' dir='ltr'>die</span> <span class='ocrx_word' id='word_1_65' title='bbox 1416 703 1449 735; x_wconf 83' lang='lat'>4.</span> <span class='ocrx_word' id='word_1_66' title='bbox 1476 702 1557 736; x_wconf 90' lang='lat' dir='ltr'>idus</span> <span class='ocrx_word' id='word_1_67' title='bbox 1583 702 1717 737; x_wconf 85' lang='lat' dir='ltr'>Junii.”</span> 
     </span>
     <span class='ocr_line' id='line_1_8' title="bbox 333 756 1432 803; baseline 0.002 -12"><span class='ocrx_word' id='word_1_68' title='bbox 333 756 434 791; x_wconf 93' lang='lat' dir='ltr'>Nihil</span> <span class='ocrx_word' id='word_1_69' title='bbox 452 768 532 791; x_wconf 91' lang='lat' dir='ltr'>eum</span> <span class='ocrx_word' id='word_1_70' title='bbox 550 758 731 801; x_wconf 79' lang='lat' dir='ltr'>scripsisse</span> <span class='ocrx_word' id='word_1_71' title='bbox 749 758 919 801; x_wconf 84' lang='lat' dir='ltr'>suspicor,</span> <span class='ocrx_word' id='word_1_72' title='bbox 938 762 1000 791; x_wconf 87' lang='lat' dir='ltr'>aut</span> <span class='ocrx_word' id='word_1_73' title='bbox 1017 758 1048 791; x_wconf 90' lang='lat' dir='ltr'>si</span> <span class='ocrx_word' id='word_1_74' title='bbox 1066 759 1256 802; x_wconf 89' lang='lat' dir='ltr'>scripserit,</span> <span class='ocrx_word' id='word_1_75' title='bbox 1275 759 1432 803; x_wconf 89' lang='lat' dir='ltr'>periisse.</span> 
     </span>
    </p>

    <p class='ocr_par' dir='ltr' id='par_1_3' title="bbox 331 814 1716 1020">
     <span class='ocr_line' id='line_1_9' title="bbox 380 814 1716 860; baseline 0.004 -13"><span class='ocrx_word' id='word_1_76' title='bbox 380 814 508 848; x_wconf 91' lang='lat' dir='ltr'>Annus</span> <span class='ocrx_word' id='word_1_77' title='bbox 526 826 596 859; x_wconf 92' lang='lat' dir='ltr'>quo</span> <span class='ocrx_word' id='word_1_78' title='bbox 615 815 713 848; x_wconf 91' lang='lat' dir='ltr'>venit</span> <span class='ocrx_word' id='word_1_79' title='bbox 730 826 751 847; x_wconf 91' lang='lat' dir='ltr'>a</span> <span class='ocrx_word' id='word_1_80' title='bbox 769 814 886 848; x_wconf 91' lang='lat' dir='ltr'>Scotia</span> <span class='ocrx_word' id='word_1_81' title='bbox 905 815 1083 856; x_wconf 88' lang='lat' dir='ltr'>incertus;</span> <span class='ocrx_word' id='word_1_82' title='bbox 1106 827 1230 860; x_wconf 88' lang='lat' dir='ltr'>passus</span> <span class='ocrx_word' id='word_1_83' title='bbox 1249 821 1302 850; x_wconf 88' lang='lat' dir='ltr'>est</span> <span class='ocrx_word' id='word_1_84' title='bbox 1319 817 1442 850; x_wconf 91' lang='lat' dir='ltr'>itidem</span> <span class='ocrx_word' id='word_1_85' title='bbox 1461 817 1596 852; x_wconf 88' lang='lat' dir='ltr'>incerto</span> <span class='ocrx_word' id='word_1_86' title='bbox 1613 829 1716 852; x_wconf 84' lang='lat' dir='ltr'>anno.</span> 
     </span>
     <span class='ocr_line' id='line_1_10' title="bbox 332 872 1715 918; baseline 0.003 -13"><span class='ocrx_word' id='word_1_87' title='bbox 332 872 495 906; x_wconf 88' lang='lat' dir='ltr'>Historia</span> <span class='ocrx_word' id='word_1_88' title='bbox 507 872 639 916; x_wconf 89' lang='lat' dir='ltr'>scripta</span> <span class='ocrx_word' id='word_1_89' title='bbox 656 883 748 905; x_wconf 91' lang='lat' dir='ltr'>anno</span> <span class='ocrx_word' id='word_1_90' title='bbox 766 880 837 906; x_wconf 84' lang='lat' dir='ltr'>CM.</span> <span class='ocrx_word' id='word_1_91' title='bbox 856 872 1043 905; x_wconf 89' lang='lat' dir='ltr'>inventum</span> <span class='ocrx_word' id='word_1_92' title='bbox 1061 873 1259 906; x_wconf 87' lang='lat' dir='ltr'>ossuarium</span> <span class='ocrx_word' id='word_1_93' title='bbox 1278 881 1391 908; x_wconf 82' lang='lat' dir='ltr'>LXIV.</span> <span class='ocrx_word' id='word_1_94' title='bbox 1411 874 1513 907; x_wconf 88' lang='lat' dir='ltr'>annis</span> <span class='ocrx_word' id='word_1_95' title='bbox 1531 880 1612 918; x_wconf 89' lang='lat' dir='ltr'>post</span> <span class='ocrx_word' id='word_1_96' title='bbox 1624 875 1715 909; x_wconf 86' lang='lat' dir='ltr'>hanc</span> 
     </span>
     <span class='ocr_line' id='line_1_11' title="bbox 331 928 1712 973; baseline 0.002 -11"><span class='ocrx_word' id='word_1_97' title='bbox 331 929 568 973; x_wconf 87' lang='lat' dir='ltr'>scriptionem.</span> <span class='ocrx_word' id='word_1_98' title='bbox 612 928 751 963; x_wconf 89' lang='lat' dir='ltr'>Colitur</span> <span class='ocrx_word' id='word_1_99' title='bbox 768 929 885 973; x_wconf 90' lang='lat' dir='ltr'>passio</span> <span class='ocrx_word' id='word_1_100' title='bbox 903 929 960 962; x_wconf 88' lang='lat' dir='ltr'>die</span> <span class='ocrx_word' id='word_1_101' title='bbox 982 938 1021 962; x_wconf 83' lang='lat' dir='ltr'>x.</span> <span class='ocrx_word' id='word_1_102' title='bbox 1042 928 1155 969; x_wconf 87' lang='lat' dir='ltr'>Junii,</span> <span class='ocrx_word' id='word_1_103' title='bbox 1173 929 1334 964; x_wconf 88' lang='lat' dir='ltr'>inventio</span> <span class='ocrx_word' id='word_1_104' title='bbox 1351 930 1408 964; x_wconf 88' lang='lat' dir='ltr'>die</span> <span class='ocrx_word' id='word_1_105' title='bbox 1426 939 1518 964; x_wconf 85' lang='lat' dir='ltr'>XIII.</span> <span class='ocrx_word' id='word_1_106' title='bbox 1538 930 1712 966; x_wconf 85' lang='lat' dir='ltr'>Octobris.</span> 
     </span>
     <span class='ocr_line' id='line_1_12' title="bbox 335 986 469 1020; baseline 0.015 -2"><span class='ocrx_word' id='word_1_107' title='bbox 335 986 469 1020; x_wconf 89' lang='lat' dir='ltr'>Molan.</span> 
     </span>
    </p>
   </div>
   <div class='ocr_carea' id='block_1_3' title="bbox 732 1099 1310 1139">
    <p class='ocr_par' dir='ltr' id='par_1_4' title="bbox 732 1099 1310 1139">
     <span class='ocr_line' id='line_1_13' title="bbox 732 1099 1310 1139; baseline 0.003 -6"><span class='ocrx_word' id='word_1_108' title='bbox 732 1099 768 1133; x_wconf 91' lang='lat' dir='ltr'>S.</span> <span class='ocrx_word' id='word_1_109' title='bbox 797 1099 1173 1133; x_wconf 90' lang='lat' dir='ltr'><strong>MALCALLINUS.</strong></span> <span class='ocrx_word' id='word_1_110' title='bbox 1228 1103 1294 1139; x_wconf 87' lang='lat'>891</span> <span class='ocrx_word' id='word_1_111' title='bbox 1302 1126 1310 1135; x_wconf 91' lang='lat'><strong>.</strong></span> 
     </span>
    </p>
   </div>
   <div class='ocr_carea' id='block_1_4' title="bbox 324 1213 1715 2341">
    <p class='ocr_par' dir='ltr' id='par_1_5' title="bbox 324 1213 1715 2229">
     <span class='ocr_line' id='line_1_14' title="bbox 328 1213 1715 1258; baseline 0.003 -10"><span class='ocrx_word' id='word_1_112' title='bbox 328 1215 363 1249; x_wconf 90' lang='lat' dir='ltr'>S.</span> <span class='ocrx_word' id='word_1_113' title='bbox 396 1215 702 1249; x_wconf 77' lang='lat' dir='ltr'>MALCALLINUS</span> <span class='ocrx_word' id='word_1_114' title='bbox 733 1214 870 1254; x_wconf 88' lang='lat' dir='ltr'>Scotus,</span> <span class='ocrx_word' id='word_1_115' title='bbox 900 1213 1053 1248; x_wconf 89' lang='lat' dir='ltr'>Levinia</span> <span class='ocrx_word' id='word_1_116' title='bbox 1081 1215 1264 1258; x_wconf 89' lang='lat' dir='ltr'>provincia</span> <span class='ocrx_word' id='word_1_117' title='bbox 1294 1215 1477 1255; x_wconf 89' lang='lat' dir='ltr'>oriundus,</span> <span class='ocrx_word' id='word_1_118' title='bbox 1509 1217 1546 1250; x_wconf 88' lang='lat' dir='ltr'>id</span> <span class='ocrx_word' id='word_1_119' title='bbox 1576 1222 1639 1257; x_wconf 82' lang='lat' dir='ltr'>est,</span> <span class='ocrx_word' id='word_1_120' title='bbox 1672 1229 1715 1252; x_wconf 87' lang='lat' dir='ltr'>ex</span> 
     </span>
     <span class='ocr_line' id='line_1_15' title="bbox 328 1272 1715 1318; baseline 0.002 -12"><span class='ocrx_word' id='word_1_121' title='bbox 328 1273 505 1306; x_wconf 87' lang='lat' dir='ltr'>montanis</span> <span class='ocrx_word' id='word_1_122' title='bbox 536 1272 777 1311; x_wconf 87' lang='lat' dir='ltr'>Silvestrium,</span> <span class='ocrx_word' id='word_1_123' title='bbox 805 1283 894 1315; x_wconf 88' lang='lat' dir='ltr'>quos</span> <span class='ocrx_word' id='word_1_124' title='bbox 921 1282 1099 1312; x_wconf 88' lang='lat' dir='ltr'>vocamus,</span> <span class='ocrx_word' id='word_1_125' title='bbox 1126 1273 1287 1316; x_wconf 88' lang='lat' dir='ltr'>partibus</span> <span class='ocrx_word' id='word_1_126' title='bbox 1314 1273 1468 1318; x_wconf 89' lang='lat' dir='ltr'>genitus,</span> <span class='ocrx_word' id='word_1_127' title='bbox 1495 1278 1536 1307; x_wconf 89' lang='lat' dir='ltr'>ut</span> <span class='ocrx_word' id='word_1_128' title='bbox 1565 1274 1715 1309; x_wconf 88' lang='lat' dir='ltr'>historia</span> 
     </span>
     <span class='ocr_line' id='line_1_16' title="bbox 328 1329 1715 1377; baseline 0.003 -14"><span class='ocrx_word' id='word_1_129' title='bbox 328 1330 390 1363; x_wconf 88' lang='lat' dir='ltr'>SS.</span> <span class='ocrx_word' id='word_1_130' title='bbox 422 1329 676 1375; x_wconf 88' lang='lat' dir='ltr'>Lotharingiae</span> <span class='ocrx_word' id='word_1_131' title='bbox 703 1329 805 1362; x_wconf 91' lang='lat' dir='ltr'>fidem</span> <span class='ocrx_word' id='word_1_132' title='bbox 833 1329 962 1363; x_wconf 88' lang='lat' dir='ltr'>astruit</span> <span class='ocrx_word' id='word_1_133' title='bbox 988 1330 1083 1373; x_wconf 86' lang='lat' dir='ltr'>apud</span> <span class='ocrx_word' id='word_1_134' title='bbox 1113 1329 1366 1374; x_wconf 82' lang='lat' dir='ltr'>Cheynaeum3</span> <span class='ocrx_word' id='word_1_135' title='bbox 1394 1341 1503 1374; x_wconf 87' lang='lat' dir='ltr'>quare</span> <span class='ocrx_word' id='word_1_136' title='bbox 1533 1331 1578 1365; x_wconf 90' lang='lat' dir='ltr'>ab</span> <span class='ocrx_word' id='word_1_137' title='bbox 1606 1333 1715 1377; x_wconf 89' lang='lat' dir='ltr'>impe-</span> 
     </span>
     <span class='ocr_line' id='line_1_17' title="bbox 328 1386 1714 1426; baseline 0.002 -6"><span class='ocrx_word' id='word_1_138' title='bbox 328 1387 406 1420; x_wconf 88' lang='lat' dir='ltr'>ritis</span> <span class='ocrx_word' id='word_1_139' title='bbox 434 1387 617 1420; x_wconf 87' lang='lat' dir='ltr'>Hibernus</span> <span class='ocrx_word' id='word_1_140' title='bbox 643 1387 754 1426; x_wconf 83' lang='lat' dir='ltr'>audit,</span> <span class='ocrx_word' id='word_1_141' title='bbox 781 1391 903 1420; x_wconf 84' lang='lat' dir='ltr'>contra</span> <span class='ocrx_word' id='word_1_142' title='bbox 928 1387 1102 1420; x_wconf 84' lang='lat' dir='ltr'>rationem</span> <span class='ocrx_word' id='word_1_143' title='bbox 1128 1391 1163 1420; x_wconf 89' lang='lat' dir='ltr'>et</span> <span class='ocrx_word' id='word_1_144' title='bbox 1188 1391 1277 1420; x_wconf 87' lang='lat' dir='ltr'>acta.</span> <span class='ocrx_word' id='word_1_145' title='bbox 1334 1386 1532 1422; x_wconf 88' lang='lat' dir='ltr'>Monachus</span> <span class='ocrx_word' id='word_1_146' title='bbox 1559 1388 1714 1423; x_wconf 89' lang='lat' dir='ltr'>Scotiam</span> 
     </span>
     <span class='ocr_line' id='line_1_18' title="bbox 329 1442 1714 1484; baseline 0.002 -6"><span class='ocrx_word' id='word_1_147' title='bbox 329 1444 496 1484; x_wconf 86' lang='lat' dir='ltr'>deseruit,</span> <span class='ocrx_word' id='word_1_148' title='bbox 525 1449 559 1478; x_wconf 88' lang='lat' dir='ltr'>et</span> <span class='ocrx_word' id='word_1_149' title='bbox 589 1455 708 1477; x_wconf 92' lang='lat' dir='ltr'>amore</span> <span class='ocrx_word' id='word_1_150' title='bbox 737 1442 805 1476; x_wconf 85' lang='lat' dir='ltr'>Dei</span> <span class='ocrx_word' id='word_1_151' title='bbox 835 1445 928 1484; x_wconf 87' lang='lat' dir='ltr'>exul,</span> <span class='ocrx_word' id='word_1_152' title='bbox 959 1445 1034 1478; x_wconf 91' lang='lat' dir='ltr'>loca</span> <span class='ocrx_word' id='word_1_153' title='bbox 1064 1449 1186 1477; x_wconf 84' lang='lat' dir='ltr'>sancta</span> <span class='ocrx_word' id='word_1_154' title='bbox 1214 1444 1350 1483; x_wconf 89' lang='lat' dir='ltr'>invisit,</span> <span class='ocrx_word' id='word_1_155' title='bbox 1380 1444 1418 1478; x_wconf 93' lang='lat' dir='ltr'>in</span> <span class='ocrx_word' id='word_1_156' title='bbox 1452 1445 1570 1479; x_wconf 88' lang='lat' dir='ltr'>reditu</span> <span class='ocrx_word' id='word_1_157' title='bbox 1604 1445 1714 1481; x_wconf 92' lang='lat' dir='ltr'>Vero-</span> 
     </span>
     <span class='ocr_line' id='line_1_19' title="bbox 327 1501 1714 1546; baseline 0.001 -11"><span class='ocrx_word' id='word_1_158' title='bbox 327 1502 463 1535; x_wconf 90' lang='lat' dir='ltr'>dunum</span> <span class='ocrx_word' id='word_1_159' title='bbox 494 1502 643 1546; x_wconf 85' lang='lat' dir='ltr'>appulit,</span> <span class='ocrx_word' id='word_1_160' title='bbox 665 1502 773 1546; x_wconf 79' lang='lat' dir='ltr'>juxta</span> <span class='ocrx_word' id='word_1_161' title='bbox 799 1502 894 1545; x_wconf 88' lang='lat' dir='ltr'>quod</span> <span class='ocrx_word' id='word_1_162' title='bbox 920 1512 1076 1534; x_wconf 90' lang='lat' dir='ltr'>eremum</span> <span class='ocrx_word' id='word_1_163' title='bbox 1099 1501 1257 1541; x_wconf 88' lang='lat' dir='ltr'>incoluit,</span> <span class='ocrx_word' id='word_1_164' title='bbox 1283 1513 1302 1535; x_wconf 91' lang='lat' dir='ltr'>e</span> <span class='ocrx_word' id='word_1_165' title='bbox 1327 1512 1398 1545; x_wconf 89' lang='lat' dir='ltr'>qua</span> <span class='ocrx_word' id='word_1_166' title='bbox 1423 1506 1613 1543; x_wconf 86' lang='lat' dir='ltr'>extractus,</span> <span class='ocrx_word' id='word_1_167' title='bbox 1640 1514 1714 1537; x_wconf 88' lang='lat' dir='ltr'>mo-</span> 
     </span>
     <span class='ocr_line' id='line_1_20' title="bbox 327 1557 1711 1603; baseline 0.001 -10"><span class='ocrx_word' id='word_1_168' title='bbox 327 1559 482 1593; x_wconf 83' lang='lat' dir='ltr'>nasterio</span> <span class='ocrx_word' id='word_1_169' title='bbox 511 1559 746 1603; x_wconf 81' lang='lat' dir='ltr'>praepositus,</span> <span class='ocrx_word' id='word_1_170' title='bbox 775 1569 921 1592; x_wconf 85' lang='lat' dir='ltr'>auream</span> <span class='ocrx_word' id='word_1_171' title='bbox 955 1557 1142 1592; x_wconf 89' lang='lat' dir='ltr'>Scotorum</span> <span class='ocrx_word' id='word_1_172' title='bbox 1176 1569 1322 1592; x_wconf 90' lang='lat' dir='ltr'>suorum</span> <span class='ocrx_word' id='word_1_173' title='bbox 1357 1559 1525 1603; x_wconf 87' lang='lat' dir='ltr'>pietatem</span> <span class='ocrx_word' id='word_1_174' title='bbox 1559 1565 1711 1594; x_wconf 87' lang='lat' dir='ltr'>secutus.</span> 
     </span>
     <span class='ocr_line' id='line_1_21' title="bbox 326 1614 1713 1661; baseline 0.001 -11"><span class='ocrx_word' id='word_1_175' title='bbox 326 1616 519 1661; x_wconf 85' lang='lat' dir='ltr'>Appendix</span> <span class='ocrx_word' id='word_1_176' title='bbox 545 1616 759 1650; x_wconf 86' lang='lat' dir='ltr'>Flodoardi:</span> <span class='ocrx_word' id='word_1_177' title='bbox 800 1620 821 1635; x_wconf 76' lang='lat'>‘⁶</span> <span class='ocrx_word' id='word_1_178' title='bbox 839 1615 907 1649; x_wconf 92' lang='lat' dir='ltr'>Vir</span> <span class='ocrx_word' id='word_1_179' title='bbox 932 1615 1080 1648; x_wconf 90' lang='lat' dir='ltr'>Domini</span> <span class='ocrx_word' id='word_1_180' title='bbox 1107 1614 1343 1656; x_wconf 87' lang='lat' dir='ltr'>Malcallinus,</span> <span class='ocrx_word' id='word_1_181' title='bbox 1371 1616 1515 1650; x_wconf 89' lang='lat' dir='ltr'>natione</span> <span class='ocrx_word' id='word_1_182' title='bbox 1546 1616 1713 1651; x_wconf 92' lang='lat' dir='ltr'>Hiberni-</span> 
     </span>
     <span class='ocr_line' id='line_1_22' title="bbox 325 1672 1712 1718; baseline 0.001 -11"><span class='ocrx_word' id='word_1_183' title='bbox 325 1685 397 1713; x_wconf 89' lang='lat' dir='ltr'>cus,</span> <span class='ocrx_word' id='word_1_184' title='bbox 423 1673 590 1712; x_wconf 90' lang='lat' dir='ltr'>Virduni,</span> <span class='ocrx_word' id='word_1_185' title='bbox 616 1673 653 1706; x_wconf 90' lang='lat' dir='ltr'>in</span> <span class='ocrx_word' id='word_1_186' title='bbox 671 1673 795 1718; x_wconf 84' lang='lat' dir='ltr'>vigilia</span> <span class='ocrx_word' id='word_1_187' title='bbox 811 1672 1004 1711; x_wconf 90' lang='lat' dir='ltr'>Vincentii‚</span> <span class='ocrx_word' id='word_1_188' title='bbox 1022 1672 1160 1711; x_wconf 82' lang='lat' dir='ltr'>levitae,</span> <span class='ocrx_word' id='word_1_189' title='bbox 1187 1677 1222 1706; x_wconf 88' lang='lat' dir='ltr'>et</span> <span class='ocrx_word' id='word_1_190' title='bbox 1240 1673 1420 1717; x_wconf 90' lang='lat' dir='ltr'>martyris,</span> <span class='ocrx_word' id='word_1_191' title='bbox 1449 1673 1560 1706; x_wconf 88' lang='lat' dir='ltr'>vitam</span> <span class='ocrx_word' id='word_1_192' title='bbox 1584 1676 1712 1708; x_wconf 83' lang='lat' dir='ltr'>transi-</span> 
     </span>
     <span class='ocr_line' id='line_1_23' title="bbox 326 1729 1712 1774; baseline 0.001 -10"><span class='ocrx_word' id='word_1_193' title='bbox 326 1731 465 1770; x_wconf 89' lang='lat' dir='ltr'>toriam,</span> <span class='ocrx_word' id='word_1_194' title='bbox 494 1741 599 1774; x_wconf 88' lang='lat' dir='ltr'>quam</span> <span class='ocrx_word' id='word_1_195' title='bbox 623 1729 775 1763; x_wconf 89' lang='lat' dir='ltr'>habebat</span> <span class='ocrx_word' id='word_1_196' title='bbox 797 1739 950 1768; x_wconf 86' lang='lat' dir='ltr'>exosam,</span> <span class='ocrx_word' id='word_1_197' title='bbox 978 1729 1143 1768; x_wconf 88' lang='lat' dir='ltr'>deseruit,</span> <span class='ocrx_word' id='word_1_198' title='bbox 1171 1736 1206 1763; x_wconf 89' lang='lat' dir='ltr'>et</span> <span class='ocrx_word' id='word_1_199' title='bbox 1232 1740 1311 1763; x_wconf 91' lang='lat' dir='ltr'>cum</span> <span class='ocrx_word' id='word_1_200' title='bbox 1337 1729 1493 1764; x_wconf 89' lang='lat' dir='ltr'>Domino</span> <span class='ocrx_word' id='word_1_201' title='bbox 1519 1731 1638 1765; x_wconf 90' lang='lat' dir='ltr'>vivere</span> <span class='ocrx_word' id='word_1_202' title='bbox 1663 1732 1712 1765; x_wconf 89' lang='lat' dir='ltr'>fe-</span> 
     </span>
     <span class='ocr_line' id='line_1_24' title="bbox 326 1785 1711 1831; baseline 0.001 -10"><span class='ocrx_word' id='word_1_203' title='bbox 326 1788 439 1821; x_wconf 84' lang='lat' dir='ltr'>liciter</span> <span class='ocrx_word' id='word_1_204' title='bbox 456 1787 660 1825; x_wconf 84' lang='lat' dir='ltr'>inchoavit3</span> <span class='ocrx_word' id='word_1_205' title='bbox 692 1786 755 1830; x_wconf 93' lang='lat' dir='ltr'>qui</span> <span class='ocrx_word' id='word_1_206' title='bbox 773 1785 954 1830; x_wconf 87' lang='lat' dir='ltr'>praefatus</span> <span class='ocrx_word' id='word_1_207' title='bbox 973 1786 1079 1819; x_wconf 89' lang='lat' dir='ltr'>abbas</span> <span class='ocrx_word' id='word_1_208' title='bbox 1101 1787 1139 1819; x_wconf 91' lang='lat' dir='ltr'>in</span> <span class='ocrx_word' id='word_1_209' title='bbox 1162 1797 1306 1830; x_wconf 89' lang='lat' dir='ltr'>corpore</span> <span class='ocrx_word' id='word_1_210' title='bbox 1332 1787 1480 1831; x_wconf 89' lang='lat' dir='ltr'>quiescit</span> <span class='ocrx_word' id='word_1_211' title='bbox 1506 1789 1544 1821; x_wconf 90' lang='lat' dir='ltr'>in</span> <span class='ocrx_word' id='word_1_212' title='bbox 1570 1790 1711 1823; x_wconf 82' lang='lat' dir='ltr'>ecclesia</span> 
     </span>
     <span class='ocr_line' id='line_1_25' title="bbox 325 1843 1712 1888; baseline 0.002 -11"><span class='ocrx_word' id='word_1_213' title='bbox 325 1844 362 1877; x_wconf 90' lang='lat' dir='ltr'>S.</span> <span class='ocrx_word' id='word_1_214' title='bbox 395 1844 581 1877; x_wconf 86' lang='lat' dir='ltr'>Michaelis</span> <span class='ocrx_word' id='word_1_215' title='bbox 612 1843 824 1888; x_wconf 88' lang='lat' dir='ltr'>archangeli,</span> <span class='ocrx_word' id='word_1_216' title='bbox 857 1843 960 1888; x_wconf 89' lang='lat' dir='ltr'>cujus</span> <span class='ocrx_word' id='word_1_217' title='bbox 990 1843 1178 1882; x_wconf 87' lang='lat' dir='ltr'>abbatiam,</span> <span class='ocrx_word' id='word_1_218' title='bbox 1210 1844 1295 1876; x_wconf 90' lang='lat' dir='ltr'>dum</span> <span class='ocrx_word' id='word_1_219' title='bbox 1326 1845 1554 1887; x_wconf 88' lang='lat' dir='ltr'>corporaliter</span> <span class='ocrx_word' id='word_1_220' title='bbox 1583 1845 1621 1878; x_wconf 91' lang='lat' dir='ltr'>in</span> <span class='ocrx_word' id='word_1_221' title='bbox 1646 1846 1712 1880; x_wconf 84' lang='lat' dir='ltr'>hoc</span> 
     </span>
     <span class='ocr_line' id='line_1_26' title="bbox 325 1899 1709 1944; baseline 0.001 -10"><span class='ocrx_word' id='word_1_222' title='bbox 325 1902 442 1934; x_wconf 88' lang='lat' dir='ltr'>seculo</span> <span class='ocrx_word' id='word_1_223' title='bbox 460 1905 628 1939; x_wconf 89' lang='lat' dir='ltr'>maneret,</span> <span class='ocrx_word' id='word_1_224' title='bbox 646 1911 711 1944; x_wconf 92' lang='lat' dir='ltr'>pro</span> <span class='ocrx_word' id='word_1_225' title='bbox 733 1899 971 1933; x_wconf 89' lang='lat' dir='ltr'>moderamine</span> <span class='ocrx_word' id='word_1_226' title='bbox 997 1899 1120 1933; x_wconf 80' lang='lat' dir='ltr'>rexit.&#39;’</span> <span class='ocrx_word' id='word_1_227' title='bbox 1173 1899 1406 1934; x_wconf 88' lang='lat' dir='ltr'>Hibernicum</span> <span class='ocrx_word' id='word_1_228' title='bbox 1433 1906 1536 1935; x_wconf 84' lang='lat' dir='ltr'>vocat</span> <span class='ocrx_word' id='word_1_229' title='bbox 1561 1913 1605 1935; x_wconf 89' lang='lat' dir='ltr'>ex</span> <span class='ocrx_word' id='word_1_230' title='bbox 1631 1914 1709 1936; x_wconf 91' lang='lat' dir='ltr'>con-</span> 
     </span>
     <span class='ocr_line' id='line_1_27' title="bbox 326 1955 1710 2004; baseline 0.002 -13"><span class='ocrx_word' id='word_1_231' title='bbox 326 1957 512 1991; x_wconf 87' lang='lat' dir='ltr'>suetudine</span> <span class='ocrx_word' id='word_1_232' title='bbox 530 1957 650 1995; x_wconf 89' lang='lat' dir='ltr'>seculi,</span> <span class='ocrx_word' id='word_1_233' title='bbox 668 1967 750 1989; x_wconf 89' lang='lat' dir='ltr'>nam</span> <span class='ocrx_word' id='word_1_234' title='bbox 773 1956 822 1989; x_wconf 85' lang='lat' dir='ltr'>sic</span> <span class='ocrx_word' id='word_1_235' title='bbox 848 1955 943 1989; x_wconf 90' lang='lat' dir='ltr'>Scoti</span> <span class='ocrx_word' id='word_1_236' title='bbox 969 1957 1127 1990; x_wconf 88' lang='lat' dir='ltr'>montani</span> <span class='ocrx_word' id='word_1_237' title='bbox 1152 1961 1237 1990; x_wconf 89' lang='lat' dir='ltr'>tunc</span> <span class='ocrx_word' id='word_1_238' title='bbox 1262 1958 1358 1991; x_wconf 88' lang='lat' dir='ltr'>dicti.</span> <span class='ocrx_word' id='word_1_239' title='bbox 1410 1957 1710 2004; x_wconf 83' lang='lat' dir='ltr'>Martyrologium</span> 
     </span>
     <span class='ocr_line' id='line_1_28' title="bbox 326 2012 1708 2057; baseline 0.003 -10"><span class='ocrx_word' id='word_1_240' title='bbox 326 2014 528 2047; x_wconf 88' lang='lat' dir='ltr'>Romanum</span> <span class='ocrx_word' id='word_1_241' title='bbox 543 2013 599 2046; x_wconf 90' lang='lat' dir='ltr'>die</span> <span class='ocrx_word' id='word_1_242' title='bbox 613 2021 698 2046; x_wconf 75' lang='lat' dir='ltr'>xvi.</span> <span class='ocrx_word' id='word_1_243' title='bbox 717 2012 882 2046; x_wconf 88' lang='lat' dir='ltr'>Decemb.</span> <span class='ocrx_word' id='word_1_244' title='bbox 898 2012 1139 2047; x_wconf 89' lang='lat' dir='ltr'>Aberdoniam</span> <span class='ocrx_word' id='word_1_245' title='bbox 1157 2014 1195 2047; x_wconf 92' lang='lat' dir='ltr'>in</span> <span class='ocrx_word' id='word_1_246' title='bbox 1214 2013 1389 2048; x_wconf 89' lang='lat' dir='ltr'>Hibernia</span> <span class='ocrx_word' id='word_1_247' title='bbox 1407 2015 1467 2048; x_wconf 92' lang='lat' dir='ltr'>illo</span> <span class='ocrx_word' id='word_1_248' title='bbox 1485 2026 1590 2049; x_wconf 81' lang='lat' dir='ltr'>sensu</span> <span class='ocrx_word' id='word_1_249' title='bbox 1607 2018 1708 2057; x_wconf 88' lang='lat' dir='ltr'>locat,</span> 
     </span>
     <span class='ocr_line' id='line_1_29' title="bbox 325 2068 1710 2107; baseline 0.001 -2"><span class='ocrx_word' id='word_1_250' title='bbox 325 2076 365 2105; x_wconf 92' lang='lat' dir='ltr'>ut</span> <span class='ocrx_word' id='word_1_251' title='bbox 391 2071 553 2104; x_wconf 85' lang='lat' dir='ltr'>omittam</span> <span class='ocrx_word' id='word_1_252' title='bbox 579 2070 683 2103; x_wconf 88' lang='lat' dir='ltr'>hodie</span> <span class='ocrx_word' id='word_1_253' title='bbox 711 2070 804 2102; x_wconf 89' lang='lat' dir='ltr'>inter</span> <span class='ocrx_word' id='word_1_254' title='bbox 830 2068 1018 2103; x_wconf 87' lang='lat' dir='ltr'>Silvestres</span> <span class='ocrx_word' id='word_1_255' title='bbox 1043 2070 1121 2103; x_wconf 87' lang='lat' dir='ltr'>illos</span> <span class='ocrx_word' id='word_1_256' title='bbox 1148 2070 1432 2104; x_wconf 88' lang='lat' dir='ltr'>Malcallinorum</span> <span class='ocrx_word' id='word_1_257' title='bbox 1458 2082 1519 2105; x_wconf 91' lang='lat' dir='ltr'>seu</span> <span class='ocrx_word' id='word_1_258' title='bbox 1546 2072 1710 2107; x_wconf 89' lang='lat' dir='ltr'>Makalli-</span> 
     </span>
     <span class='ocr_line' id='line_1_30' title="bbox 326 2126 1709 2174; baseline 0.002 -13"><span class='ocrx_word' id='word_1_259' title='bbox 326 2139 452 2162; x_wconf 88' lang='lat' dir='ltr'>norum</span> <span class='ocrx_word' id='word_1_260' title='bbox 472 2127 643 2161; x_wconf 86' lang='lat' dir='ltr'>familiam</span> <span class='ocrx_word' id='word_1_261' title='bbox 661 2126 792 2172; x_wconf 87' lang='lat' dir='ltr'>vigere,</span> <span class='ocrx_word' id='word_1_262' title='bbox 811 2136 854 2159; x_wconf 85' lang='lat' dir='ltr'>ex</span> <span class='ocrx_word' id='word_1_263' title='bbox 872 2137 944 2169; x_wconf 92' lang='lat' dir='ltr'>qua</span> <span class='ocrx_word' id='word_1_264' title='bbox 961 2126 1018 2160; x_wconf 89' lang='lat' dir='ltr'>hic</span> <span class='ocrx_word' id='word_1_265' title='bbox 1035 2132 1177 2161; x_wconf 89' lang='lat' dir='ltr'>sanctus</span> <span class='ocrx_word' id='word_1_266' title='bbox 1195 2127 1367 2172; x_wconf 87' lang='lat' dir='ltr'>originem</span> <span class='ocrx_word' id='word_1_267' title='bbox 1385 2128 1520 2162; x_wconf 87' lang='lat' dir='ltr'>habuit.</span> <span class='ocrx_word' id='word_1_268' title='bbox 1572 2129 1709 2174; x_wconf 85' lang='lat' dir='ltr'>Scripta</span> 
     </span>
     <span class='ocr_line' id='line_1_31' title="bbox 324 2184 559 2229; baseline -0.004 -11"><span class='ocrx_word' id='word_1_269' title='bbox 324 2184 559 2229; x_wconf 87' lang='lat' dir='ltr'>deperierunt.</span> 
     </span>
    </p>

    <p class='ocr_par' dir='ltr' id='par_1_6' title="bbox 325 2239 1708 2341">
     <span class='ocr_line' id='line_1_32' title="bbox 372 2239 1708 2285; baseline 0.001 -10"><span class='ocrx_word' id='word_1_270' title='bbox 372 2241 564 2285; x_wconf 91' lang='lat' dir='ltr'>Depositus</span> <span class='ocrx_word' id='word_1_271' title='bbox 582 2244 635 2274; x_wconf 89' lang='lat' dir='ltr'>est</span> <span class='ocrx_word' id='word_1_272' title='bbox 653 2240 759 2274; x_wconf 84' lang='lat' dir='ltr'>abbas</span> <span class='ocrx_word' id='word_1_273' title='bbox 777 2244 812 2273; x_wconf 90' lang='lat' dir='ltr'>et</span> <span class='ocrx_word' id='word_1_274' title='bbox 830 2239 1009 2274; x_wconf 86' lang='lat' dir='ltr'>confessor</span> <span class='ocrx_word' id='word_1_275' title='bbox 1025 2251 1119 2274; x_wconf 91' lang='lat' dir='ltr'>anno</span> <span class='ocrx_word' id='word_1_276' title='bbox 1137 2248 1446 2275; x_wconf 76' lang='lat' dir='ltr'>DCCCCLxxvnl.</span> <span class='ocrx_word' id='word_1_277' title='bbox 1497 2241 1636 2277; x_wconf 89' lang='lat' dir='ltr'>Colitur</span> <span class='ocrx_word' id='word_1_278' title='bbox 1652 2244 1708 2277; x_wconf 88' lang='lat' dir='ltr'>die</span> 
     </span>
     <span class='ocr_line' id='line_1_33' title="bbox 325 2297 1322 2341; baseline -0.001 -8"><span class='ocrx_word' id='word_1_279' title='bbox 325 2307 412 2333; x_wconf 76' lang='lat' dir='ltr'>XXI.</span> <span class='ocrx_word' id='word_1_280' title='bbox 429 2298 605 2332; x_wconf 84' lang='lat' dir='ltr'>Januarii.</span> <span class='ocrx_word' id='word_1_281' title='bbox 657 2297 777 2332; x_wconf 90' lang='lat' dir='ltr'>Uvion</span> <span class='ocrx_word' id='word_1_282' title='bbox 792 2297 829 2331; x_wconf 92' lang='lat' dir='ltr'>in</span> <span class='ocrx_word' id='word_1_283' title='bbox 846 2297 1103 2341; x_wconf 82' lang='lat' dir='ltr'>praetermissis</span> <span class='ocrx_word' id='word_1_284' title='bbox 1121 2298 1165 2332; x_wconf 87' lang='lat' dir='ltr'>ad</span> <span class='ocrx_word' id='word_1_285' title='bbox 1182 2297 1242 2331; x_wconf 90' lang='lat' dir='ltr'>lib.</span> <span class='ocrx_word' id='word_1_286' title='bbox 1263 2306 1322 2332; x_wconf 83' lang='lat'>111.</span> 
     </span>
    </p>
   </div>
  </div>
 </body>
</html>
