2060 2848
666 278 841 310 GENTIS
865 278 1138 318 SCOTORUM,
1163 280 1252 313 LIB.
1277 281 1376 314 XIX.
1652 284 1716 316 689

383 370 640 416 Antiquitates,
658 383 720 406 seu
739 372 936 406 Historiam
956 373 1095 408 Bonon.
1113 374 1174 408 lib.
1226 374 1339 409 Notas
1356 375 1394 409 in
1411 374 1633 415 Accursium,
1652 377 1711 411 lib.

383 427 494 462 Varia
509 428 687 470 Poemata,
703 434 738 463 et
751 430 821 463 alia
834 430 1010 474 pleraque,
1027 442 1116 475 quae
1129 432 1234 477 jussu
1247 432 1421 475 pontificis
1434 432 1584 466 Romam
1598 434 1712 468 delata

432 486 602 520 nobiliore
620 490 821 521 tractantur
838 498 956 526 manu,
976 492 1010 521 et
1028 488 1154 533 dignos
1168 492 1268 522 tanto
1281 489 1359 522 viro
1377 494 1480 533 typos
1498 494 1710 533 exspectant.

385 542 547 587 Denique
565 544 751 578 execrabili
775 544 897 578 uxoris
921 544 1081 588 nequitia
1103 555 1302 585 concussus,
1328 556 1473 589 eamque
1496 546 1540 579 ob
1562 556 1636 579 rem
1659 557 1713 580 ae-

334 600 511 633 rumnosis
529 601 595 634 sub
612 604 794 635 aestuante
812 600 981 634 Canicula
998 601 1183 635 itineribus
1207 601 1354 642 iteratis,
1378 601 1575 636 Vicentiam
1594 613 1712 646 perve-

335 656 401 696 nit,
419 657 514 700 quod
532 658 650 691 videre
668 662 722 691 est
738 669 782 691 ex
800 658 948 702 epistola
966 659 1010 691 ad
1027 657 1199 701 perillust.
1219 663 1254 692 et
1272 658 1502 692 reverendum
1526 659 1714 694 admodum

337 713 401 756 (sic
426 725 506 747 eum
533 715 732 760 compellat)
757 720 892 758 patrem
917 714 1086 748 Donnum
1110 714 1322 749 Bassianum
1349 714 1508 755 Gattum,
1534 716 1714 751 eremitam

337 770 668 815 Hieronymianum,
699 772 891 805 amicorum
927 783 967 806 ac
996 772 1219 805 dominorum
1252 772 1436 816 optimum,
1467 772 1567 817 cujus
1598 773 1714 813 verba,

335 838 378 860 ne
396 829 546 871 paucula
567 839 611 862 ex
634 828 798 862 omnibus
821 833 977 872 pereant,
1001 829 1188 862 memoriae
1210 829 1300 862 tanti
1328 829 1395 862 viri
1421 830 1614 869 consulens,
1638 830 1713 869 tibi,

336 885 454 924 lector,
485 896 654 929 propono,
683 895 726 918 ex
754 885 883 929 quibus
914 885 1093 931 cognoscis
1119 896 1226 929 quam
1251 885 1419 925 celeriter,
1445 897 1550 930 quam
1583 886 1714 920 sincere

338 942 462 986 egerit,
480 953 586 986 quam
604 941 797 986 periculose
814 942 932 975 illatae
950 942 1141 976 occurrerit
1158 942 1320 986 injuriae,
1343 942 1412 976 heu
1434 942 1586 976 frustra!
1614 947 1635 962 “
1651 943 1714 977 Di-

337 999 449 1032 latum
469 998 622 1032 officium
640 1009 711 1032 non
728 998 808 1038 fuit,
827 1003 890 1032 aut
908 998 1066 1042 obsequii
1084 1003 1145 1032 aut
1162 999 1326 1042 promissi
1349 999 1491 1039 oblivio,
1513 1000 1573 1033 sed
1596 1010 1717 1044 perpe·

337 1060 400 1088 tua
429 1056 580 1099 inquies,
609 1060 644 1089 et
667 1066 842 1099 nusquam
866 1055 986 1089 eodem
1010 1055 1085 1089 loco
1108 1056 1283 1089 haerentis
1306 1066 1403 1089 error
1427 1066 1466 1089 ac
1489 1057 1717 1090 transcursio·

338 1111 488 1145 Senatus
506 1111 665 1146 Venetus
683 1123 703 1145 e
721 1112 872 1157 vestigio
890 1111 955 1146 SC.
974 1111 1070 1146 fures
1092 1111 1264 1157 fugitivos
1287 1112 1513 1146 retrahendos
1532 1113 1717 1157 judicavit,

338 1169 395 1202 sed
424 1169 487 1208 illi,
514 1173 556 1203 ut
581 1179 722 1202 rumore
752 1168 941 1212 perfertur,
971 1168 1082 1213 Alpes
1111 1173 1329 1212 superarant.
1383 1168 1480 1203 Haec
1503 1180 1641 1203 summa
1666 1175 1717 1203 est

337 1226 549 1270 gestorum.''
600 1224 693 1259 Nam
713 1226 774 1259 vix
792 1226 873 1259 inde
891 1237 969 1259 cum
987 1226 1159 1265 rediisset,
1185 1230 1220 1259 et
1243 1225 1410 1259 Butrium
1434 1226 1471 1259 in
1494 1237 1580 1271 agro
1603 1226 1716 1260 Bono-

338 1283 462 1322 niensi,
493 1283 652 1316 animum
683 1293 766 1316 suae
797 1283 1047 1326 tranquillitati
1077 1282 1296 1322 restituendi,
1327 1286 1362 1316 et
1392 1293 1517 1327 corpus
1551 1283 1716 1317 itinerum

338 1340 508 1373 molestiis
526 1339 718 1385 fatigatum
736 1340 897 1373 nonnihil
919 1339 1094 1373 reficiendi
1118 1350 1221 1373 causa
1244 1338 1299 1383 (ut
1316 1339 1472 1384 ejusdem
1489 1343 1570 1373 utar
1586 1340 1715 1385 verbis)

340 1397 548 1436 secessisset,
568 1396 617 1430 ibi
635 1397 753 1430 subita
774 1395 863 1429 febri
890 1400 1082 1440 correptus,
1108 1395 1375 1440 Bononiamque
1400 1396 1480 1429 inde
1506 1401 1714 1440 asportatus,

339 1454 494 1487 animam
512 1453 568 1497 pie
586 1454 739 1487 reddidit
757 1453 846 1493 Deo,
864 1464 996 1487 annum
1016 1461 1211 1486 XXXXVII.
1235 1463 1353 1497 agens,
1371 1453 1529 1486 omnium
1547 1453 1717 1487 studioso-

339 1522 418 1544 rum
437 1511 566 1545 damno
584 1514 619 1544 et
637 1511 747 1550 luctu,
766 1510 892 1554 suique
909 1510 1031 1544 relicto
1049 1509 1170 1543 amicis
1187 1509 1313 1555 grandi
1331 1509 1512 1543 desiderio.

467 1624 634 1669 Sepultus
653 1629 706 1659 est
723 1625 767 1658 ad
785 1624 830 1658 D.
850 1623 1039 1663 Dominici,
1057 1623 1118 1656 ubi
1136 1623 1259 1667 cippus
1277 1623 1354 1668 ejus
1371 1622 1436 1657 hoc
1454 1623 1591 1668 insigne

857 1680 1012 1725 praefert
1029 1680 1182 1726 elogium
1197 1689 1205 1713 z

709 1803 876 1828 LUGETE
896 1802 1007 1834 BONI,
1026 1800 1193 1826 LUGETE
1214 1800 1347 1826 Doc'r1.

342 1853 499 1887 Thomas
517 1852 750 1896 Dempsterus
767 1852 922 1896 inclytus
940 1851 999 1884 ille
1018 1854 1134 1883 vester
1155 1849 1212 1882 hie
1233 1849 1405 1889 conditur,
1428 1849 1488 1883 ubi
1512 1848 1717 1890 Historiam,

575 1909 725 1949 Poesim,
745 1908 945 1948 Astraeam,
964 1907 1103 1941 Literas
1121 1906 1232 1940 satius
1249 1906 1350 1940 condi
1367 1905 1492 1940 fuerat,

343 1968 460 2002 Scotia
481 1967 632 2012 gloriose
658 1966 794 2012 genuit,
822 1964 928 1999 Italia
950 1964 1095 2009 provide
1117 1963 1248 2007 rapuit,
1274 1962 1417 1996 Felsina
1439 1963 1495 2007 pie
1518 1964 1717 1998 tumulavit.

431 2024 586 2058 Aethere
605 2022 770 2067 Spiritus,
788 2022 854 2056 hoc
871 2022 986 2066 lapide
1004 2020 1114 2059 cinis,
1132 2020 1272 2064 scriptis
1290 2019 1487 2065 Ingenium,
1505 2019 1632 2064 ubique

816 2078 938 2113 Gloria
954 2078 1094 2116 eminet,
1112 2077 1249 2111 colitur.

430 2138 502 2172 Tot
520 2148 651 2183 magna
669 2136 803 2170 diutius
821 2140 893 2170 tam
913 2140 1008 2169 arcto
1026 2134 1140 2168 claudi
1158 2134 1269 2167 limite
1287 2133 1499 2168 invidiosum
1516 2133 1641 2168 fuerat.

436 2195 628 2228 Academia
646 2193 809 2233 Noe'rls,
828 2193 919 2226 tanti
937 2192 992 2225 sui
1010 2191 1144 2235 syderis
1163 2201 1322 2224 occasum
1339 2189 1479 2229 deflens,
1497 2190 1631 2235 lachry-

577 2261 715 2285 marum
734 2250 834 2283 vitali
854 2260 932 2283 rore
949 2249 1062 2295 magis
1080 2259 1184 2292 quam
1203 2248 1288 2281 celte
1305 2248 1494 2291 loquacem,

691 2308 789 2342 vobis
808 2306 1036 2351 spectandum
1054 2305 1197 2349 exponit
1215 2304 1376 2348 lapidem.

1008 2365 1029 2396 3
1050 2371 1072 2395 B
