<?xml version="1.0" encoding="UTF-8"?>
<!DOCTYPE html PUBLIC "-//W3C//DTD XHTML 1.0 Transitional//EN"
    "http://www.w3.org/TR/xhtml1/DTD/xhtml1-transitional.dtd">
<html xmlns="http://www.w3.org/1999/xhtml" xml:lang="en" lang="en">
 <head>
  <title>
</title>
<meta http-equiv="Content-Type" content="text/html;charset=utf-8" />
  <meta name='ocr-system' content='tesseract 3.04.00' />
  <meta name='ocr-capabilities' content='ocr_page ocr_carea ocr_par ocr_line ocrx_word'/>
</head>
<body>
  <div class='ocr_page' id='page_1' title='image "./thomaedempster2102dempuoft_0146.png"; bbox 0 0 2060 2848; ppageno 0'>
   <div class='ocr_carea' id='block_1_1' title="bbox 382 308 1395 343">
    <p class='ocr_par' dir='ltr' id='par_1_1' title="bbox 382 308 1395 343">
     <span class='ocr_line' id='line_1_1' title="bbox 382 308 1395 343; baseline 0.003 -3"><span class='ocrx_word' id='word_1_1' title='bbox 382 308 447 342; x_wconf 83' lang='lat'><strong>476</strong></span> <span class='ocrx_word' id='word_1_2' title='bbox 762 309 996 342; x_wconf 86' lang='lat' dir='ltr'><strong>HISTORIA</strong></span> <span class='ocrx_word' id='word_1_3' title='bbox 1021 309 1395 343; x_wconf 83' lang='lat' dir='ltr'><strong>ECCLESIASTICA</strong></span> 
     </span>
    </p>
   </div>
   <div class='ocr_carea' id='block_1_2' title="bbox 712 460 1450 502">
    <p class='ocr_par' dir='ltr' id='par_1_2' title="bbox 712 460 1450 502">
     <span class='ocr_line' id='line_1_2' title="bbox 712 460 1450 502; baseline 0.001 -7"><span class='ocrx_word' id='word_1_4' title='bbox 712 460 1041 496; x_wconf 88' lang='lat' dir='ltr'><strong>ALEXANDER</strong></span> <span class='ocrx_word' id='word_1_5' title='bbox 1067 462 1310 498; x_wconf 88' lang='lat' dir='ltr'><strong>MORISON.</strong></span> <span class='ocrx_word' id='word_1_6' title='bbox 1366 466 1450 502; x_wconf 85' lang='lat'><strong>903.</strong></span> 
     </span>
    </p>
   </div>
   <div class='ocr_carea' id='block_1_3' title="bbox 383 577 1786 842">
    <p class='ocr_par' dir='ltr' id='par_1_3' title="bbox 383 577 1786 842">
     <span class='ocr_line' id='line_1_3' title="bbox 383 577 1786 622; baseline 0 -10"><span class='ocrx_word' id='word_1_7' title='bbox 383 578 658 613; x_wconf 80' lang='lat' dir='ltr'><strong>ALEXANDER</strong></span> <span class='ocrx_word' id='word_1_8' title='bbox 676 578 883 612; x_wconf 87' lang='lat' dir='ltr'><strong>Morisonus</strong></span> <span class='ocrx_word' id='word_1_9' title='bbox 901 577 1087 619; x_wconf 90' lang='lat' dir='ltr'><strong>Levinius,</strong></span> <span class='ocrx_word' id='word_1_10' title='bbox 1106 590 1214 622; x_wconf 89' lang='lat' dir='ltr'><strong>nepos</strong></span> <span class='ocrx_word' id='word_1_11' title='bbox 1232 590 1275 613; x_wconf 89' lang='lat' dir='ltr'><strong>ex</strong></span> <span class='ocrx_word' id='word_1_12' title='bbox 1291 590 1410 613; x_wconf 87' lang='lat' dir='ltr'><strong>sorore</strong></span> <span class='ocrx_word' id='word_1_13' title='bbox 1425 577 1468 612; x_wconf 88' lang='lat' dir='ltr'><strong>G.</strong></span> <span class='ocrx_word' id='word_1_14' title='bbox 1484 578 1708 620; x_wconf 88' lang='lat' dir='ltr'><strong>Buchanani,</strong></span> <span class='ocrx_word' id='word_1_15' title='bbox 1725 579 1786 613; x_wconf 89' lang='lat' dir='ltr'><strong>sed</strong></span> 
     </span>
     <span class='ocr_line' id='line_1_4' title="bbox 384 636 1784 682; baseline -0.001 -12"><span class='ocrx_word' id='word_1_16' title='bbox 384 636 601 676; x_wconf 83' lang='lat' dir='ltr'><strong>Catholicus,</strong></span> <span class='ocrx_word' id='word_1_17' title='bbox 618 647 723 680; x_wconf 89' lang='lat' dir='ltr'><strong>quem</strong></span> <span class='ocrx_word' id='word_1_18' title='bbox 742 636 895 669; x_wconf 87' lang='lat' dir='ltr'><strong>multum</strong></span> <span class='ocrx_word' id='word_1_19' title='bbox 914 637 1059 680; x_wconf 88' lang='lat' dir='ltr'><strong>propria</strong></span> <span class='ocrx_word' id='word_1_20' title='bbox 1076 637 1203 676; x_wconf 87' lang='lat' dir='ltr'><strong>virtus,</strong></span> <span class='ocrx_word' id='word_1_21' title='bbox 1231 637 1290 670; x_wconf 85' lang='lat' dir='ltr'><strong>sed</strong></span> <span class='ocrx_word' id='word_1_22' title='bbox 1312 637 1427 682; x_wconf 87' lang='lat' dir='ltr'><strong>magis</strong></span> <span class='ocrx_word' id='word_1_23' title='bbox 1440 637 1597 682; x_wconf 86' lang='lat' dir='ltr'><strong>junioris</strong></span> <span class='ocrx_word' id='word_1_24' title='bbox 1615 636 1784 682; x_wconf 87' lang='lat' dir='ltr'><strong>Scaligeri</strong></span> 
     </span>
     <span class='ocr_line' id='line_1_5' title="bbox 384 693 1786 739; baseline 0 -12"><span class='ocrx_word' id='word_1_25' title='bbox 384 694 643 728; x_wconf 85' lang='lat' dir='ltr'>commendatio</span> <span class='ocrx_word' id='word_1_26' title='bbox 672 693 712 726; x_wconf 89' lang='lat' dir='ltr'><strong>in</strong></span> <span class='ocrx_word' id='word_1_27' title='bbox 741 693 943 737; x_wconf 84' lang='lat' dir='ltr'><strong>posthumis</strong></span> <span class='ocrx_word' id='word_1_28' title='bbox 975 694 1125 733; x_wconf 88' lang='lat' dir='ltr'><strong>extollit,</strong></span> <span class='ocrx_word' id='word_1_29' title='bbox 1157 705 1263 738; x_wconf 87' lang='lat' dir='ltr'><strong>opera</strong></span> <span class='ocrx_word' id='word_1_30' title='bbox 1290 694 1409 728; x_wconf 89' lang='lat' dir='ltr'><strong>omnia</strong></span> <span class='ocrx_word' id='word_1_31' title='bbox 1437 694 1606 728; x_wconf 86' lang='lat' dir='ltr'><strong>avunculi</strong></span> <span class='ocrx_word' id='word_1_32' title='bbox 1631 698 1786 739; x_wconf 87' lang='lat' dir='ltr'><strong>purgata</strong></span> 
     </span>
     <span class='ocr_line' id='line_1_6' title="bbox 384 749 1785 796; baseline 0 -12"><span class='ocrx_word' id='word_1_33' title='bbox 384 752 500 785; x_wconf 91' lang='lat' dir='ltr'><strong>denuo</strong></span> <span class='ocrx_word' id='word_1_34' title='bbox 532 751 736 785; x_wconf 88' lang='lat' dir='ltr'><strong>excudenda</strong></span> <span class='ocrx_word' id='word_1_35' title='bbox 764 750 915 784; x_wconf 84' lang='lat' dir='ltr'><strong>curavit.</strong></span> <span class='ocrx_word' id='word_1_36' title='bbox 972 749 1112 784; x_wconf 88' lang='lat' dir='ltr'><strong>Auctor</strong></span> <span class='ocrx_word' id='word_1_37' title='bbox 1137 751 1303 785; x_wconf 85' lang='lat' dir='ltr'><strong>laudatus</strong></span> <span class='ocrx_word' id='word_1_38' title='bbox 1330 752 1380 784; x_wconf 89' lang='lat' dir='ltr'><strong>sie</strong></span> <span class='ocrx_word' id='word_1_39' title='bbox 1404 751 1625 796; x_wconf 84' lang='lat' dir='ltr'><strong>epigramma</strong></span> <span class='ocrx_word' id='word_1_40' title='bbox 1649 752 1785 785; x_wconf 89' lang='lat' dir='ltr'><strong>cultum</strong></span> 
     </span>
     <span class='ocr_line' id='line_1_7' title="bbox 385 808 583 842; baseline -0.005 0"><span class='ocrx_word' id='word_1_41' title='bbox 385 808 563 842; x_wconf 87' lang='lat' dir='ltr'>concludit</span> <span class='ocrx_word' id='word_1_42' title='bbox 575 818 583 842; x_wconf 74' lang='grc' dir='ltr'><strong><em>ε</em></strong></span> 
     </span>
    </p>
   </div>
   <div class='ocr_carea' id='block_1_4' title="bbox 609 879 1450 965">
    <p class='ocr_par' dir='ltr' id='par_1_4' title="bbox 609 879 1450 965">
     <span class='ocr_line' id='line_1_8' title="bbox 609 879 1450 917; baseline 0.005 -10"><span class='ocrx_word' id='word_1_43' title='bbox 609 880 696 908; x_wconf 86' lang='lat' dir='ltr'><strong>Nunc</strong></span> <span class='ocrx_word' id='word_1_44' title='bbox 709 889 780 917; x_wconf 83' lang='lat' dir='ltr'><strong>opus</strong></span> <span class='ocrx_word' id='word_1_45' title='bbox 794 879 856 912; x_wconf 89' lang='lat' dir='ltr'><strong>hoc,</strong></span> <span class='ocrx_word' id='word_1_46' title='bbox 872 879 1000 908; x_wconf 87' lang='lat' dir='ltr'><strong>Morison</strong></span> <span class='ocrx_word' id='word_1_47' title='bbox 1014 879 1091 917; x_wconf 90' lang='lat' dir='ltr'><strong>quod</strong></span> <span class='ocrx_word' id='word_1_48' title='bbox 1104 879 1223 909; x_wconf 88' lang='lat' dir='ltr'><strong>luminis</strong></span> <span class='ocrx_word' id='word_1_49' title='bbox 1237 880 1298 910; x_wconf 87' lang='lat' dir='ltr'><strong>edit</strong></span> <span class='ocrx_word' id='word_1_50' title='bbox 1312 881 1343 909; x_wconf 88' lang='lat' dir='ltr'><strong>in</strong></span> <span class='ocrx_word' id='word_1_51' title='bbox 1357 891 1450 915; x_wconf 83' lang='lat' dir='ltr'><strong>auras,</strong></span> 
     </span>
     <span class='ocr_line' id='line_1_9' title="bbox 646 927 1384 965; baseline 0.004 -11"><span class='ocrx_word' id='word_1_52' title='bbox 646 927 785 956; x_wconf 86' lang='lat' dir='ltr'><strong>Vestrum</strong></span> <span class='ocrx_word' id='word_1_53' title='bbox 800 932 854 962; x_wconf 87' lang='lat' dir='ltr'><strong>est,</strong></span> <span class='ocrx_word' id='word_1_54' title='bbox 870 927 1068 965; x_wconf 84' lang='lat' dir='ltr'><strong>typographus</strong></span> <span class='ocrx_word' id='word_1_55' title='bbox 1082 927 1190 957; x_wconf 80' lang='lat' dir='ltr'><strong>fecerat</strong></span> <span class='ocrx_word' id='word_1_56' title='bbox 1205 933 1274 957; x_wconf 85' lang='lat' dir='ltr'><strong>ante</strong></span> <span class='ocrx_word' id='word_1_57' title='bbox 1289 938 1384 957; x_wconf 87' lang='lat' dir='ltr'><strong>suum.</strong></span> 
     </span>
    </p>
   </div>
   <div class='ocr_carea' id='block_1_5' title="bbox 717 1008 1444 1074">
    <p class='ocr_par' dir='ltr' id='par_1_5' title="bbox 717 1008 1444 1074">
     <span class='ocr_line' id='line_1_10' title="bbox 717 1008 1444 1074; baseline 0.001 -5"><span class='ocrx_word' id='word_1_58' title='bbox 717 1008 952 1070; x_wconf 75' lang='lat' dir='ltr'><strong>JOANNES</strong></span> <span class='ocrx_word' id='word_1_59' title='bbox 980 1035 1305 1070; x_wconf 85' lang='lat' dir='ltr'><strong>MAILROSIUS.</strong></span> <span class='ocrx_word' id='word_1_60' title='bbox 1360 1038 1444 1074; x_wconf 79' lang='lat'><strong>904.</strong></span> 
     </span>
    </p>
   </div>
   <div class='ocr_carea' id='block_1_6' title="bbox 381 1150 1786 2466">
    <p class='ocr_par' dir='ltr' id='par_1_6' title="bbox 382 1150 1785 1370">
     <span class='ocr_line' id='line_1_11' title="bbox 384 1150 1784 1198; baseline 0 -13"><span class='ocrx_word' id='word_1_61' title='bbox 384 1158 404 1172; x_wconf 80' lang='lat'><strong>‘⁶</strong></span> <span class='ocrx_word' id='word_1_62' title='bbox 430 1152 634 1192; x_wconf 78' lang='lat' dir='ltr'><strong>JOANNES‚</strong></span> <span class='ocrx_word' id='word_1_63' title='bbox 657 1152 865 1186; x_wconf 89' lang='lat' dir='ltr'><strong>Mailrosius</strong></span> <span class='ocrx_word' id='word_1_64' title='bbox 897 1153 1117 1198; x_wconf 85' lang='lat' dir='ltr'><strong>cognomine,</strong></span> <span class='ocrx_word' id='word_1_65' title='bbox 1146 1156 1181 1186; x_wconf 84' lang='lat' dir='ltr'><strong>et</strong></span> <span class='ocrx_word' id='word_1_66' title='bbox 1210 1153 1353 1186; x_wconf 86' lang='lat' dir='ltr'><strong>natione</strong></span> <span class='ocrx_word' id='word_1_67' title='bbox 1381 1152 1539 1192; x_wconf 87' lang='lat' dir='ltr'><strong>Scotus‚’&#39;</strong></span> <span class='ocrx_word' id='word_1_68' title='bbox 1567 1152 1618 1186; x_wconf 89' lang='lat' dir='ltr'><strong>ait</strong></span> <span class='ocrx_word' id='word_1_69' title='bbox 1647 1150 1784 1186; x_wconf 86' lang='lat' dir='ltr'><strong>Anton.</strong></span> 
     </span>
     <span class='ocr_line' id='line_1_12' title="bbox 383 1209 1783 1255; baseline -0.001 -11"><span class='ocrx_word' id='word_1_70' title='bbox 383 1211 565 1244; x_wconf 88' lang='lat' dir='ltr'><strong>Possevin.</strong></span> <span class='ocrx_word' id='word_1_71' title='bbox 585 1210 759 1254; x_wconf 88' lang='lat' dir='ltr'><strong>Apparat.</strong></span> <span class='ocrx_word' id='word_1_72' title='bbox 781 1209 876 1243; x_wconf 88' lang='lat' dir='ltr'><strong>Sacr.</strong></span> <span class='ocrx_word' id='word_1_73' title='bbox 896 1221 978 1255; x_wconf 86' lang='lat' dir='ltr'><strong>pag.</strong></span> <span class='ocrx_word' id='word_1_74' title='bbox 999 1219 1118 1244; x_wconf 82' lang='lat' dir='ltr'><strong>CCXV.</strong></span> <span class='ocrx_word' id='word_1_75' title='bbox 1155 1210 1360 1244; x_wconf 87' lang='lat' dir='ltr'><strong>Mailsosius</strong></span> <span class='ocrx_word' id='word_1_76' title='bbox 1380 1212 1471 1244; x_wconf 87' lang='lat' dir='ltr'><strong>male</strong></span> <span class='ocrx_word' id='word_1_77' title='bbox 1486 1222 1507 1244; x_wconf 87' lang='lat' dir='ltr'><strong>a</strong></span> <span class='ocrx_word' id='word_1_78' title='bbox 1520 1209 1622 1244; x_wconf 81' lang='lat' dir='ltr'><strong>Sixto</strong></span> <span class='ocrx_word' id='word_1_79' title='bbox 1635 1209 1783 1243; x_wconf 83' lang='lat' dir='ltr'><strong>Senensi</strong></span> 
     </span>
     <span class='ocr_line' id='line_1_13' title="bbox 382 1263 1785 1313; baseline -0.001 -12"><span class='ocrx_word' id='word_1_80' title='bbox 382 1268 442 1302; x_wconf 89' lang='lat' dir='ltr'><strong>lib.</strong></span> <span class='ocrx_word' id='word_1_81' title='bbox 463 1277 516 1302; x_wconf 79' lang='lat' dir='ltr'><strong>lv,</strong></span> <span class='ocrx_word' id='word_1_82' title='bbox 536 1268 747 1302; x_wconf 88' lang='lat' dir='ltr'><strong>Bibliothec.</strong></span> <span class='ocrx_word' id='word_1_83' title='bbox 767 1267 927 1301; x_wconf 86' lang='lat' dir='ltr'><strong>Sanctor.</strong></span> <span class='ocrx_word' id='word_1_84' title='bbox 948 1263 1106 1301; x_wconf 84' lang='lat' dir='ltr'><strong>vocatur.</strong></span> <span class='ocrx_word' id='word_1_85' title='bbox 1144 1267 1282 1302; x_wconf 88' lang='lat' dir='ltr'><strong>Errant</strong></span> <span class='ocrx_word' id='word_1_86' title='bbox 1299 1269 1362 1313; x_wconf 91' lang='lat' dir='ltr'><strong>qui</strong></span> <span class='ocrx_word' id='word_1_87' title='bbox 1382 1268 1476 1302; x_wconf 90' lang='lat' dir='ltr'><strong>hunc</strong></span> <span class='ocrx_word' id='word_1_88' title='bbox 1496 1279 1577 1301; x_wconf 88' lang='lat' dir='ltr'><strong>cum</strong></span> <span class='ocrx_word' id='word_1_89' title='bbox 1596 1267 1632 1301; x_wconf 91' lang='lat' dir='ltr'><strong>S.</strong></span> <span class='ocrx_word' id='word_1_90' title='bbox 1646 1267 1785 1301; x_wconf 90' lang='lat' dir='ltr'><strong>Joanne</strong></span> 
     </span>
     <span class='ocr_line' id='line_1_14' title="bbox 382 1324 1533 1370; baseline 0 -11"><span class='ocrx_word' id='word_1_91' title='bbox 382 1325 485 1359; x_wconf 87' lang='lat' dir='ltr'><strong>Duns</strong></span> <span class='ocrx_word' id='word_1_92' title='bbox 504 1329 567 1359; x_wconf 86' lang='lat' dir='ltr'><strong>aut</strong></span> <span class='ocrx_word' id='word_1_93' title='bbox 585 1324 609 1358; x_wconf 89' lang='lat' dir='ltr'><strong>J</strong></span> <span class='ocrx_word' id='word_1_94' title='bbox 611 1331 724 1359; x_wconf 85' lang='lat' dir='ltr'><strong>oanne</strong></span> <span class='ocrx_word' id='word_1_95' title='bbox 742 1324 928 1370; x_wconf 89' lang='lat' dir='ltr'><strong>Airigena,</strong></span> <span class='ocrx_word' id='word_1_96' title='bbox 949 1325 992 1358; x_wconf 89' lang='lat' dir='ltr'><strong>de</strong></span> <span class='ocrx_word' id='word_1_97' title='bbox 1010 1325 1140 1369; x_wconf 87' lang='lat' dir='ltr'><strong>quibus</strong></span> <span class='ocrx_word' id='word_1_98' title='bbox 1158 1337 1278 1370; x_wconf 85' lang='lat' dir='ltr'><strong>supra,</strong></span> <span class='ocrx_word' id='word_1_99' title='bbox 1297 1326 1533 1359; x_wconf 83' lang='lat' dir='ltr'><strong>confundunt.</strong></span> 
     </span>
    </p>

    <p class='ocr_par' dir='ltr' id='par_1_7' title="bbox 381 1379 1786 2466">
     <span class='ocr_line' id='line_1_15' title="bbox 401 1379 1784 1429; baseline 0.001 -15"><span class='ocrx_word' id='word_1_100' title='bbox 401 1411 403 1414; x_wconf 80' lang='grc'>,</span> <span class='ocrx_word' id='word_1_101' title='bbox 432 1382 508 1417; x_wconf 89' lang='lat' dir='ltr'><strong>Nec</strong></span> <span class='ocrx_word' id='word_1_102' title='bbox 525 1383 644 1416; x_wconf 87' lang='lat' dir='ltr'><strong>minus</strong></span> <span class='ocrx_word' id='word_1_103' title='bbox 663 1383 844 1426; x_wconf 86' lang='lat' dir='ltr'><strong>ineptiunt</strong></span> <span class='ocrx_word' id='word_1_104' title='bbox 861 1382 1116 1417; x_wconf 87' lang='lat' dir='ltr'><strong>homunciones</strong></span> <span class='ocrx_word' id='word_1_105' title='bbox 1142 1383 1266 1429; x_wconf 84' lang='lat' dir='ltr'><strong>Angli,</strong></span> <span class='ocrx_word' id='word_1_106' title='bbox 1294 1387 1329 1417; x_wconf 88' lang='lat' dir='ltr'><strong>et</strong></span> <span class='ocrx_word' id='word_1_107' title='bbox 1355 1384 1394 1417; x_wconf 88' lang='lat' dir='ltr'><strong>in</strong></span> <span class='ocrx_word' id='word_1_108' title='bbox 1419 1383 1476 1417; x_wconf 88' lang='lat' dir='ltr'><strong>his</strong></span> <span class='ocrx_word' id='word_1_109' title='bbox 1503 1382 1672 1427; x_wconf 88' lang='lat' dir='ltr'><strong>Polydor.</strong></span> <span class='ocrx_word' id='word_1_110' title='bbox 1700 1379 1784 1416; x_wconf 81' lang='lat' dir='ltr'><strong>Vir-</strong></span> 
     </span>
     <span class='ocr_line' id='line_1_16' title="bbox 381 1439 1786 1489; baseline -0.001 -15"><span class='ocrx_word' id='word_1_111' title='bbox 381 1441 489 1489; x_wconf 82' lang='lat' dir='ltr'><strong>gilius</strong></span> <span class='ocrx_word' id='word_1_112' title='bbox 517 1440 578 1474; x_wconf 89' lang='lat' dir='ltr'><strong>lib.</strong></span> <span class='ocrx_word' id='word_1_113' title='bbox 609 1449 645 1474; x_wconf 87' lang='lat' dir='ltr'><strong>V.</strong></span> <span class='ocrx_word' id='word_1_114' title='bbox 677 1439 815 1474; x_wconf 84' lang='lat' dir='ltr'><strong>Histor.</strong></span> <span class='ocrx_word' id='word_1_115' title='bbox 846 1439 1037 1486; x_wconf 87' lang='lat' dir='ltr'><strong>Anglican.</strong></span> <span class='ocrx_word' id='word_1_116' title='bbox 1066 1452 1148 1487; x_wconf 88' lang='lat' dir='ltr'><strong>pag.</strong></span> <span class='ocrx_word' id='word_1_117' title='bbox 1180 1450 1243 1475; x_wconf 86' lang='lat' dir='ltr'><strong>cv.</strong></span> <span class='ocrx_word' id='word_1_118' title='bbox 1276 1441 1339 1486; x_wconf 87' lang='lat' dir='ltr'><strong>qui</strong></span> <span class='ocrx_word' id='word_1_119' title='bbox 1369 1441 1465 1475; x_wconf 84' lang='lat' dir='ltr'><strong>hunc</strong></span> <span class='ocrx_word' id='word_1_120' title='bbox 1496 1451 1540 1474; x_wconf 85' lang='lat' dir='ltr'><strong>ex</strong></span> <span class='ocrx_word' id='word_1_121' title='bbox 1576 1439 1695 1474; x_wconf 87' lang='lat' dir='ltr'><strong>Scotia</strong></span> <span class='ocrx_word' id='word_1_122' title='bbox 1729 1440 1786 1474; x_wconf 87' lang='lat' dir='ltr'><strong>vel</strong></span> 
     </span>
     <span class='ocr_line' id='line_1_17' title="bbox 384 1497 1786 1541; baseline -0.001 -9"><span class='ocrx_word' id='word_1_123' title='bbox 384 1498 559 1541; x_wconf 85' lang='lat' dir='ltr'><strong>Hibernia</strong></span> <span class='ocrx_word' id='word_1_124' title='bbox 588 1499 627 1532; x_wconf 89' lang='lat' dir='ltr'><strong>in</strong></span> <span class='ocrx_word' id='word_1_125' title='bbox 657 1497 810 1532; x_wconf 84' lang='lat' dir='ltr'><strong>Galliam</strong></span> <span class='ocrx_word' id='word_1_126' title='bbox 841 1509 922 1532; x_wconf 90' lang='lat' dir='ltr'><strong>cum</strong></span> <span class='ocrx_word' id='word_1_127' title='bbox 952 1499 1080 1532; x_wconf 81' lang='lat' dir='ltr'><strong>comite</strong></span> <span class='ocrx_word' id='word_1_128' title='bbox 1106 1510 1172 1533; x_wconf 90' lang='lat' dir='ltr'><strong>suo</strong></span> <span class='ocrx_word' id='word_1_129' title='bbox 1197 1510 1269 1532; x_wconf 91' lang='lat' dir='ltr'><strong>uno</strong></span> <span class='ocrx_word' id='word_1_130' title='bbox 1295 1499 1445 1539; x_wconf 89' lang='lat' dir='ltr'><strong>venisse,</strong></span> <span class='ocrx_word' id='word_1_131' title='bbox 1474 1504 1510 1532; x_wconf 92' lang='lat' dir='ltr'><strong>et</strong></span> <span class='ocrx_word' id='word_1_132' title='bbox 1536 1499 1696 1532; x_wconf 87' lang='lat' dir='ltr'><strong>venalem</strong></span> <span class='ocrx_word' id='word_1_133' title='bbox 1723 1498 1786 1532; x_wconf 88' lang='lat' dir='ltr'><strong>ha-</strong></span> 
     </span>
     <span class='ocr_line' id='line_1_18' title="bbox 382 1555 1785 1601; baseline -0.001 -11"><span class='ocrx_word' id='word_1_134' title='bbox 382 1556 463 1590; x_wconf 88' lang='lat' dir='ltr'><strong>bere</strong></span> <span class='ocrx_word' id='word_1_135' title='bbox 481 1568 518 1590; x_wconf 87' lang='lat' dir='ltr'><strong>se</strong></span> <span class='ocrx_word' id='word_1_136' title='bbox 536 1556 719 1590; x_wconf 86' lang='lat' dir='ltr'><strong>scientiam</strong></span> <span class='ocrx_word' id='word_1_137' title='bbox 734 1556 884 1589; x_wconf 86' lang='lat' dir='ltr'><strong>subinde</strong></span> <span class='ocrx_word' id='word_1_138' title='bbox 898 1557 1062 1601; x_wconf 86' lang='lat' dir='ltr'><strong>jactasse.</strong></span> <span class='ocrx_word' id='word_1_139' title='bbox 1115 1555 1296 1601; x_wconf 83' lang='lat' dir='ltr'><strong>Nugatur,</strong></span> <span class='ocrx_word' id='word_1_140' title='bbox 1315 1557 1474 1601; x_wconf 86' lang='lat' dir='ltr'><strong>inquam,</strong></span> <span class='ocrx_word' id='word_1_141' title='bbox 1493 1556 1574 1596; x_wconf 83' lang='lat' dir='ltr'><strong>ille3</strong></span> <span class='ocrx_word' id='word_1_142' title='bbox 1602 1567 1686 1589; x_wconf 85' lang='lat' dir='ltr'><strong>nam</strong></span> <span class='ocrx_word' id='word_1_143' title='bbox 1704 1567 1785 1589; x_wconf 87' lang='lat' dir='ltr'><strong>cum</strong></span> 
     </span>
     <span class='ocr_line' id='line_1_19' title="bbox 382 1613 1783 1663; baseline 0 -16"><span class='ocrx_word' id='word_1_144' title='bbox 382 1614 548 1653; x_wconf 89' lang='lat' dir='ltr'><strong>Alcuino‚</strong></span> <span class='ocrx_word' id='word_1_145' title='bbox 571 1613 733 1654; x_wconf 83' lang='lat' dir='ltr'><strong>Rabano,</strong></span> <span class='ocrx_word' id='word_1_146' title='bbox 759 1618 795 1647; x_wconf 92' lang='lat' dir='ltr'><strong>et</strong></span> <span class='ocrx_word' id='word_1_147' title='bbox 821 1613 1003 1647; x_wconf 84' lang='lat' dir='ltr'><strong>Clemente</strong></span> <span class='ocrx_word' id='word_1_148' title='bbox 1029 1613 1073 1647; x_wconf 92' lang='lat' dir='ltr'><strong>ab</strong></span> <span class='ocrx_word' id='word_1_149' title='bbox 1099 1613 1237 1663; x_wconf 73' lang='lat' dir='ltr'><strong>Acbaio</strong></span> <span class='ocrx_word' id='word_1_150' title='bbox 1269 1613 1407 1648; x_wconf 87' lang='lat' dir='ltr'><strong>Scotiae</strong></span> <span class='ocrx_word' id='word_1_151' title='bbox 1433 1625 1516 1660; x_wconf 88' lang='lat' dir='ltr'><strong>rege</strong></span> <span class='ocrx_word' id='word_1_152' title='bbox 1543 1614 1587 1647; x_wconf 88' lang='lat' dir='ltr'><strong>ad</strong></span> <span class='ocrx_word' id='word_1_153' title='bbox 1614 1614 1783 1648; x_wconf 88' lang='lat' dir='ltr'><strong>Carolum</strong></span> 
     </span>
     <span class='ocr_line' id='line_1_20' title="bbox 385 1671 1781 1717; baseline 0.001 -13"><span class='ocrx_word' id='word_1_154' title='bbox 385 1671 561 1717; x_wconf 87' lang='lat' dir='ltr'><strong>Magnum</strong></span> <span class='ocrx_word' id='word_1_155' title='bbox 580 1671 722 1711; x_wconf 90' lang='lat' dir='ltr'><strong>missus,</strong></span> <span class='ocrx_word' id='word_1_156' title='bbox 745 1671 855 1705; x_wconf 86' lang='lat' dir='ltr'><strong>bonas</strong></span> <span class='ocrx_word' id='word_1_157' title='bbox 882 1675 976 1705; x_wconf 87' lang='lat' dir='ltr'><strong>artes</strong></span> <span class='ocrx_word' id='word_1_158' title='bbox 1002 1672 1040 1705; x_wconf 90' lang='lat' dir='ltr'><strong>in</strong></span> <span class='ocrx_word' id='word_1_159' title='bbox 1067 1671 1223 1711; x_wconf 89' lang='lat' dir='ltr'><strong>Italiam,</strong></span> <span class='ocrx_word' id='word_1_160' title='bbox 1250 1683 1290 1705; x_wconf 92' lang='lat' dir='ltr'><strong>eo</strong></span> <span class='ocrx_word' id='word_1_161' title='bbox 1309 1672 1427 1705; x_wconf 83' lang='lat' dir='ltr'><strong>seculo</strong></span> <span class='ocrx_word' id='word_1_162' title='bbox 1445 1672 1614 1715; x_wconf 83' lang='lat' dir='ltr'><strong>sepultas,</strong></span> <span class='ocrx_word' id='word_1_163' title='bbox 1634 1671 1781 1710; x_wconf 86' lang='lat' dir='ltr'><strong>intulit;</strong></span> 
     </span>
     <span class='ocr_line' id='line_1_21' title="bbox 384 1728 1783 1773; baseline -0.001 -10"><span class='ocrx_word' id='word_1_164' title='bbox 384 1734 419 1763; x_wconf 91' lang='lat' dir='ltr'><strong>et</strong></span> <span class='ocrx_word' id='word_1_165' title='bbox 452 1734 533 1773; x_wconf 83' lang='lat' dir='ltr'><strong>post</strong></span> <span class='ocrx_word' id='word_1_166' title='bbox 567 1728 754 1763; x_wconf 81' lang='lat' dir='ltr'><strong>fundatam</strong></span> <span class='ocrx_word' id='word_1_167' title='bbox 790 1729 1007 1762; x_wconf 88' lang='lat' dir='ltr'><strong>academiam</strong></span> <span class='ocrx_word' id='word_1_168' title='bbox 1043 1729 1291 1769; x_wconf 78' lang='lat' dir='ltr'><strong>parisiensem,</strong></span> <span class='ocrx_word' id='word_1_169' title='bbox 1335 1728 1561 1763; x_wconf 89' lang='lat' dir='ltr'><strong>Ticinensem</strong></span> <span class='ocrx_word' id='word_1_170' title='bbox 1604 1730 1783 1763; x_wconf 86' lang='lat' dir='ltr'><strong>communi</strong></span> 
     </span>
     <span class='ocr_line' id='line_1_22' title="bbox 384 1786 1784 1832; baseline 0 -11"><span class='ocrx_word' id='word_1_171' title='bbox 384 1798 490 1831; x_wconf 87' lang='lat' dir='ltr'><strong>opera</strong></span> <span class='ocrx_word' id='word_1_172' title='bbox 509 1787 755 1821; x_wconf 83' lang='lat' dir='ltr'><strong>instituerunt.</strong></span> <span class='ocrx_word' id='word_1_173' title='bbox 808 1786 915 1828; x_wconf 91' lang='lat' dir='ltr'><strong>Nam,</strong></span> <span class='ocrx_word' id='word_1_174' title='bbox 936 1792 1076 1831; x_wconf 84' lang='lat' dir='ltr'><strong>praeter</strong></span> <span class='ocrx_word' id='word_1_175' title='bbox 1094 1799 1135 1821; x_wconf 85' lang='lat' dir='ltr'><strong>ea</strong></span> <span class='ocrx_word' id='word_1_176' title='bbox 1152 1798 1243 1832; x_wconf 89' lang='lat' dir='ltr'><strong>quae</strong></span> <span class='ocrx_word' id='word_1_177' title='bbox 1264 1798 1374 1831; x_wconf 86' lang='lat' dir='ltr'><strong>supra</strong></span> <span class='ocrx_word' id='word_1_178' title='bbox 1391 1787 1503 1820; x_wconf 88' lang='lat' dir='ltr'><strong>relata</strong></span> <span class='ocrx_word' id='word_1_179' title='bbox 1530 1791 1626 1826; x_wconf 88' lang='lat' dir='ltr'><strong>sunt,</strong></span> <span class='ocrx_word' id='word_1_180' title='bbox 1652 1787 1784 1821; x_wconf 84' lang='lat' dir='ltr'><strong>utrius-</strong></span> 
     </span>
     <span class='ocr_line' id='line_1_23' title="bbox 383 1844 1782 1890; baseline 0.001 -12"><span class='ocrx_word' id='word_1_181' title='bbox 383 1857 452 1890; x_wconf 87' lang='lat' dir='ltr'><strong>que</strong></span> <span class='ocrx_word' id='word_1_182' title='bbox 493 1844 692 1878; x_wconf 84' lang='lat' dir='ltr'><strong>academiae</strong></span> <span class='ocrx_word' id='word_1_183' title='bbox 725 1849 910 1889; x_wconf 87' lang='lat' dir='ltr'><strong>parentem</strong></span> <span class='ocrx_word' id='word_1_184' title='bbox 945 1844 1055 1878; x_wconf 88' lang='lat' dir='ltr'><strong>fuisse</strong></span> <span class='ocrx_word' id='word_1_185' title='bbox 1094 1845 1262 1878; x_wconf 86' lang='lat' dir='ltr'><strong>Carolum</strong></span> <span class='ocrx_word' id='word_1_186' title='bbox 1298 1844 1488 1890; x_wconf 85' lang='lat' dir='ltr'><strong>Magnum,</strong></span> <span class='ocrx_word' id='word_1_187' title='bbox 1527 1845 1708 1889; x_wconf 90' lang='lat' dir='ltr'><strong>permulti,</strong></span> <span class='ocrx_word' id='word_1_188' title='bbox 1748 1850 1782 1879; x_wconf 88' lang='lat' dir='ltr'><strong>et</strong></span> 
     </span>
     <span class='ocr_line' id='line_1_24' title="bbox 383 1901 1782 1948; baseline 0 -12"><span class='ocrx_word' id='word_1_189' title='bbox 383 1904 450 1936; x_wconf 88' lang='lat' dir='ltr'><strong>fide</strong></span> <span class='ocrx_word' id='word_1_190' title='bbox 483 1903 595 1948; x_wconf 84' lang='lat' dir='ltr'><strong>digni,</strong></span> <span class='ocrx_word' id='word_1_191' title='bbox 625 1903 763 1936; x_wconf 80' lang='lat' dir='ltr'><strong>docent.</strong></span> <span class='ocrx_word' id='word_1_192' title='bbox 821 1902 992 1936; x_wconf 86' lang='lat' dir='ltr'><strong>Biblioth.</strong></span> <span class='ocrx_word' id='word_1_193' title='bbox 1025 1903 1148 1937; x_wconf 89' lang='lat' dir='ltr'><strong>Minor</strong></span> <span class='ocrx_word' id='word_1_194' title='bbox 1176 1902 1326 1935; x_wconf 87' lang='lat' dir='ltr'><strong>Patrum</strong></span> <span class='ocrx_word' id='word_1_195' title='bbox 1354 1901 1459 1936; x_wconf 89' lang='lat' dir='ltr'><strong>Joan.</strong></span> <span class='ocrx_word' id='word_1_196' title='bbox 1493 1901 1670 1936; x_wconf 86' lang='lat' dir='ltr'><strong>Gualterii</strong></span> <span class='ocrx_word' id='word_1_197' title='bbox 1700 1913 1782 1948; x_wconf 87' lang='lat' dir='ltr'><strong>pag.</strong></span> 
     </span>
     <span class='ocr_line' id='line_1_25' title="bbox 386 1959 1781 2000; baseline 0 -6"><span class='ocrx_word' id='word_1_198' title='bbox 386 1969 665 1994; x_wconf 78' lang='lat' dir='ltr'><strong>DCCCCXCVIII.</strong></span> <span class='ocrx_word' id='word_1_199' title='bbox 718 1965 739 1980; x_wconf 78' lang='lat'><strong>‘⁶</strong></span> <span class='ocrx_word' id='word_1_200' title='bbox 769 1960 925 1994; x_wconf 88' lang='lat' dir='ltr'><strong>Joannes</strong></span> <span class='ocrx_word' id='word_1_201' title='bbox 957 1960 1163 1994; x_wconf 86' lang='lat' dir='ltr'><strong>Mailrosius</strong></span> <span class='ocrx_word' id='word_1_202' title='bbox 1199 1959 1335 2000; x_wconf 83' lang='lat' dir='ltr'><strong>Scotus,</strong></span> <span class='ocrx_word' id='word_1_203' title='bbox 1371 1960 1486 1994; x_wconf 90' lang='lat' dir='ltr'><strong>socius</strong></span> <span class='ocrx_word' id='word_1_204' title='bbox 1524 1959 1666 1994; x_wconf 85' lang='lat' dir='ltr'><strong>Claudii</strong></span> <span class='ocrx_word' id='word_1_205' title='bbox 1702 1961 1781 1995; x_wconf 91' lang='lat' dir='ltr'><strong>Cle-</strong></span> 
     </span>
     <span class='ocr_line' id='line_1_26' title="bbox 383 2017 1783 2063; baseline 0 -11"><span class='ocrx_word' id='word_1_206' title='bbox 383 2019 512 2052; x_wconf 85' lang='lat' dir='ltr'><strong>mentis</strong></span> <span class='ocrx_word' id='word_1_207' title='bbox 528 2019 556 2052; x_wconf 85' lang='lat'><strong>:⁷⁷</strong></span> <span class='ocrx_word' id='word_1_208' title='bbox 583 2023 619 2051; x_wconf 82' lang='lat' dir='ltr'><strong>et</strong></span> <span class='ocrx_word' id='word_1_209' title='bbox 637 2018 720 2052; x_wconf 83' lang='lat' dir='ltr'><strong>alibi</strong></span> <span class='ocrx_word' id='word_1_210' title='bbox 739 2029 821 2063; x_wconf 88' lang='lat' dir='ltr'><strong>pag.</strong></span> <span class='ocrx_word' id='word_1_211' title='bbox 843 2027 1058 2052; x_wconf 80' lang='lat' dir='ltr'><strong>Mccxcvn.</strong></span> <span class='ocrx_word' id='word_1_212' title='bbox 1091 2022 1112 2037; x_wconf 90' lang='lat'><strong>“</strong></span> <span class='ocrx_word' id='word_1_213' title='bbox 1131 2017 1191 2051; x_wconf 84' lang='lat' dir='ltr'><strong>Ex</strong></span> <span class='ocrx_word' id='word_1_214' title='bbox 1217 2017 1336 2052; x_wconf 86' lang='lat' dir='ltr'><strong>Scotia</strong></span> <span class='ocrx_word' id='word_1_215' title='bbox 1362 2023 1538 2052; x_wconf 88' lang='lat' dir='ltr'><strong>venerunt</strong></span> <span class='ocrx_word' id='word_1_216' title='bbox 1564 2018 1601 2051; x_wconf 90' lang='lat' dir='ltr'><strong>in</strong></span> <span class='ocrx_word' id='word_1_217' title='bbox 1629 2017 1783 2052; x_wconf 88' lang='lat' dir='ltr'><strong>Galliam</strong></span> 
     </span>
     <span class='ocr_line' id='line_1_27' title="bbox 384 2074 1784 2120; baseline -0.001 -10"><span class='ocrx_word' id='word_1_218' title='bbox 384 2077 565 2116; x_wconf 82' lang='lat' dir='ltr'><strong>Claudius,</strong></span> <span class='ocrx_word' id='word_1_219' title='bbox 588 2075 756 2116; x_wconf 84' lang='lat' dir='ltr'><strong>Joannes,</strong></span> <span class='ocrx_word' id='word_1_220' title='bbox 781 2076 963 2115; x_wconf 83' lang='lat' dir='ltr'><strong>Rabanns,</strong></span> <span class='ocrx_word' id='word_1_221' title='bbox 991 2080 1026 2109; x_wconf 88' lang='lat' dir='ltr'><strong>et</strong></span> <span class='ocrx_word' id='word_1_222' title='bbox 1051 2074 1239 2115; x_wconf 90' lang='lat' dir='ltr'><strong>Alcuinus,</strong></span> <span class='ocrx_word' id='word_1_223' title='bbox 1266 2075 1396 2120; x_wconf 82' lang='lat' dir='ltr'><strong>quibus</strong></span> <span class='ocrx_word' id='word_1_224' title='bbox 1424 2075 1636 2109; x_wconf 86' lang='lat' dir='ltr'><strong>Parisiensis</strong></span> <span class='ocrx_word' id='word_1_225' title='bbox 1663 2076 1784 2110; x_wconf 85' lang='lat' dir='ltr'><strong>acade-</strong></span> 
     </span>
     <span class='ocr_line' id='line_1_28' title="bbox 384 2133 1782 2179; baseline -0.001 -12"><span class='ocrx_word' id='word_1_226' title='bbox 384 2134 454 2167; x_wconf 85' lang='lat' dir='ltr'><strong>mia</strong></span> <span class='ocrx_word' id='word_1_227' title='bbox 472 2133 586 2167; x_wconf 86' lang='lat' dir='ltr'><strong>fatum</strong></span> <span class='ocrx_word' id='word_1_228' title='bbox 606 2145 709 2167; x_wconf 76' lang='lat' dir='ltr'><strong>suun]</strong></span> <span class='ocrx_word' id='word_1_229' title='bbox 729 2133 882 2179; x_wconf 83' lang='lat' dir='ltr'><strong>genitale</strong></span> <span class='ocrx_word' id='word_1_230' title='bbox 901 2133 1004 2166; x_wconf 89' lang='lat' dir='ltr'><strong>debet</strong></span> <span class='ocrx_word' id='word_1_231' title='bbox 1021 2133 1088 2166; x_wconf 90' lang='lat' dir='ltr'><strong>sub</strong></span> <span class='ocrx_word' id='word_1_232' title='bbox 1114 2133 1242 2167; x_wconf 89' lang='lat' dir='ltr'><strong>Carolo</strong></span> <span class='ocrx_word' id='word_1_233' title='bbox 1261 2133 1430 2179; x_wconf 88' lang='lat' dir='ltr'><strong>Magno.’&#39;</strong></span> <span class='ocrx_word' id='word_1_234' title='bbox 1483 2133 1583 2166; x_wconf 87' lang='lat' dir='ltr'><strong>Idem</strong></span> <span class='ocrx_word' id='word_1_235' title='bbox 1606 2134 1644 2167; x_wconf 92' lang='lat' dir='ltr'><strong>in</strong></span> <span class='ocrx_word' id='word_1_236' title='bbox 1670 2133 1782 2167; x_wconf 88' lang='lat' dir='ltr'><strong>Chro-</strong></span> 
     </span>
     <span class='ocr_line' id='line_1_29' title="bbox 386 2190 1781 2237; baseline -0.001 -12"><span class='ocrx_word' id='word_1_237' title='bbox 386 2191 528 2236; x_wconf 86' lang='lat' dir='ltr'><strong>nologia</strong></span> <span class='ocrx_word' id='word_1_238' title='bbox 558 2191 967 2235; x_wconf 83' lang='lat' dir='ltr'><strong>Ecclesiastico-politica</strong></span> <span class='ocrx_word' id='word_1_239' title='bbox 997 2202 1077 2237; x_wconf 85' lang='lat' dir='ltr'><strong>pag.</strong></span> <span class='ocrx_word' id='word_1_240' title='bbox 1111 2199 1361 2225; x_wconf 82' lang='lat' dir='ltr'><strong>DCCXXXIIX.</strong></span> <span class='ocrx_word' id='word_1_241' title='bbox 1411 2190 1551 2225; x_wconf 86' lang='lat' dir='ltr'><strong>Auctor</strong></span> <span class='ocrx_word' id='word_1_242' title='bbox 1580 2202 1781 2236; x_wconf 85' lang='lat' dir='ltr'><strong>anonymus</strong></span> 
     </span>
     <span class='ocr_line' id='line_1_30' title="bbox 384 2247 1778 2293; baseline 0 -11"><span class='ocrx_word' id='word_1_243' title='bbox 384 2250 422 2282; x_wconf 89' lang='lat' dir='ltr'><strong>in</strong></span> <span class='ocrx_word' id='word_1_244' title='bbox 451 2248 538 2282; x_wconf 83' lang='lat' dir='ltr'><strong>Vita</strong></span> <span class='ocrx_word' id='word_1_245' title='bbox 569 2248 603 2281; x_wconf 88' lang='lat' dir='ltr'><strong>S.</strong></span> <span class='ocrx_word' id='word_1_246' title='bbox 637 2247 819 2282; x_wconf 76' lang='lat' dir='ltr'><strong>Bennonis</strong></span> <span class='ocrx_word' id='word_1_247' title='bbox 855 2260 930 2293; x_wconf 83' lang='lat' dir='ltr'><strong>cap.</strong></span> <span class='ocrx_word' id='word_1_248' title='bbox 967 2257 1024 2282; x_wconf 86' lang='lat' dir='ltr'><strong>Ix.</strong></span> <span class='ocrx_word' id='word_1_249' title='bbox 1055 2249 1151 2293; x_wconf 83' lang='lat' dir='ltr'><strong>apud</strong></span> <span class='ocrx_word' id='word_1_250' title='bbox 1186 2248 1334 2282; x_wconf 88' lang='lat' dir='ltr'><strong>Surium</strong></span> <span class='ocrx_word' id='word_1_251' title='bbox 1368 2252 1452 2283; x_wconf 89' lang='lat' dir='ltr'><strong>tom.</strong></span> <span class='ocrx_word' id='word_1_252' title='bbox 1489 2257 1560 2282; x_wconf 76' lang='lat' dir='ltr'><strong>VII.</strong></span> <span class='ocrx_word' id='word_1_253' title='bbox 1600 2248 1778 2282; x_wconf 87' lang='lat' dir='ltr'><strong>Robertus</strong></span> 
     </span>
     <span class='ocr_line' id='line_1_31' title="bbox 386 2305 1782 2352; baseline 0 -13"><span class='ocrx_word' id='word_1_254' title='bbox 386 2306 584 2352; x_wconf 86' lang='lat' dir='ltr'><strong>Gaguinus,</strong></span> <span class='ocrx_word' id='word_1_255' title='bbox 603 2306 772 2340; x_wconf 86' lang='lat' dir='ltr'><strong>Nicolaus</strong></span> <span class='ocrx_word' id='word_1_256' title='bbox 800 2306 939 2340; x_wconf 91' lang='lat' dir='ltr'><strong>Gillius.</strong></span> <span class='ocrx_word' id='word_1_257' title='bbox 969 2306 1137 2350; x_wconf 85' lang='lat' dir='ltr'><strong>Papirius</strong></span> <span class='ocrx_word' id='word_1_258' title='bbox 1164 2306 1355 2340; x_wconf 87' lang='lat' dir='ltr'><strong>Massonus</strong></span> <span class='ocrx_word' id='word_1_259' title='bbox 1381 2307 1420 2339; x_wconf 95' lang='lat' dir='ltr'><strong>in</strong></span> <span class='ocrx_word' id='word_1_260' title='bbox 1445 2305 1648 2339; x_wconf 90' lang='lat' dir='ltr'><strong>Annalibus</strong></span> <span class='ocrx_word' id='word_1_261' title='bbox 1672 2305 1782 2339; x_wconf 87' lang='lat' dir='ltr'><strong>Galli-</strong></span> 
     </span>
     <span class='ocr_line' id='line_1_32' title="bbox 386 2363 1781 2409; baseline 0 -12"><span class='ocrx_word' id='word_1_262' title='bbox 386 2365 481 2397; x_wconf 84' lang='lat' dir='ltr'><strong>canis</strong></span> <span class='ocrx_word' id='word_1_263' title='bbox 496 2374 504 2397; x_wconf 90' lang='lat'><strong>:</strong></span> <span class='ocrx_word' id='word_1_264' title='bbox 525 2369 545 2383; x_wconf 85' lang='lat'><strong>“</strong></span> <span class='ocrx_word' id='word_1_265' title='bbox 560 2363 619 2397; x_wconf 89' lang='lat' dir='ltr'><strong>Ex</strong></span> <span class='ocrx_word' id='word_1_266' title='bbox 633 2364 763 2409; x_wconf 88' lang='lat' dir='ltr'><strong>quibus</strong></span> <span class='ocrx_word' id='word_1_267' title='bbox 779 2364 896 2398; x_wconf 89' lang='lat' dir='ltr'><strong>verbis</strong></span> <span class='ocrx_word' id='word_1_268' title='bbox 910 2369 1057 2409; x_wconf 86' lang='lat' dir='ltr'><strong>apparet</strong></span> <span class='ocrx_word' id='word_1_269' title='bbox 1072 2369 1142 2398; x_wconf 82' lang='lat' dir='ltr'><strong>tres</strong></span> <span class='ocrx_word' id='word_1_270' title='bbox 1161 2364 1320 2408; x_wconf 88' lang='lat' dir='ltr'><strong>publicas</strong></span> <span class='ocrx_word' id='word_1_271' title='bbox 1339 2364 1476 2398; x_wconf 85' lang='lat' dir='ltr'><strong>scholas</strong></span> <span class='ocrx_word' id='word_1_272' title='bbox 1496 2375 1517 2397; x_wconf 90' lang='lat' dir='ltr'><strong>a</strong></span> <span class='ocrx_word' id='word_1_273' title='bbox 1531 2363 1661 2397; x_wconf 88' lang='lat' dir='ltr'><strong>Carolo</strong></span> <span class='ocrx_word' id='word_1_274' title='bbox 1679 2363 1781 2409; x_wconf 85' lang='lat' dir='ltr'><strong>Mag-</strong></span> 
     </span>
     <span class='ocr_line' id='line_1_33' title="bbox 387 2420 1782 2466; baseline -0.001 -10"><span class='ocrx_word' id='word_1_275' title='bbox 387 2434 433 2456; x_wconf 90' lang='lat' dir='ltr'><strong>no</strong></span> <span class='ocrx_word' id='word_1_276' title='bbox 452 2422 647 2463; x_wconf 80' lang='lat' dir='ltr'><strong>institutas,</strong></span> <span class='ocrx_word' id='word_1_277' title='bbox 667 2433 757 2466; x_wconf 92' lang='lat' dir='ltr'><strong>quae</strong></span> <span class='ocrx_word' id='word_1_278' title='bbox 776 2422 975 2456; x_wconf 87' lang='lat' dir='ltr'><strong>academiae</strong></span> <span class='ocrx_word' id='word_1_279' title='bbox 994 2422 1173 2462; x_wconf 81' lang='lat' dir='ltr'><strong>dicuntur,</strong></span> <span class='ocrx_word' id='word_1_280' title='bbox 1201 2422 1278 2466; x_wconf 90' lang='lat' dir='ltr'><strong>ipso</strong></span> <span class='ocrx_word' id='word_1_281' title='bbox 1305 2426 1447 2457; x_wconf 82' lang='lat' dir='ltr'><strong>mortuo</strong></span> <span class='ocrx_word' id='word_1_282' title='bbox 1472 2421 1649 2466; x_wconf 82' lang='lat' dir='ltr'><strong>perituras</strong></span> <span class='ocrx_word' id='word_1_283' title='bbox 1671 2420 1782 2455; x_wconf 88' lang='lat' dir='ltr'><strong>fuisse</strong></span> 
     </span>
    </p>
   </div>
  </div>
 </body>
</html>
