2060 2848
396 318 459 349 510
776 317 1008 350 HISTORIA
1032 316 1406 351 ECCLESIASTICA

398 423 495 447 meas
513 423 585 446 non
602 412 713 452 venit,
739 422 781 445 ea
802 416 960 446 attexam
985 421 1077 455 quae
1101 410 1210 446 habet
1227 411 1454 446 Constantin.
1473 411 1626 447 Ghinius
1644 413 1791 461 Augus-

399 469 571 509 tinianus,
588 469 644 502 vir
658 469 810 514 diligens
823 473 859 503 et
869 469 1005 502 doctus.
1052 467 1089 502 Is
1103 479 1188 514 ergo
1201 469 1240 503 in
1254 468 1414 503 Natalib.
1428 468 1490 504 SS.
1506 469 1716 505 canonicor.
1730 471 1787 506 die

399 524 614 559 Novembris
633 534 769 559 xxvu.
791 525 877 559 haec
894 525 1041 559 scribit:
1069 530 1090 545 “
1108 524 1152 559 In
1179 525 1387 559 Taxandria
1413 526 1630 561 Brabantiae
1656 529 1795 572 deposi-

400 583 451 617 tio
469 582 503 616 S.
522 582 644 616 Oddae
662 583 825 628 virginis,
846 582 948 622 filiae,
966 586 1008 616 ut
1030 581 1156 623 fertur,
1184 582 1371 617 Scotorum
1397 584 1502 629 regis,
1529 595 1620 628 quae
1645 585 1794 619 Rhadae

401 640 631 684 corporaliter
648 644 799 683 patrona
816 639 978 684 quiescit.
1031 638 1130 672 Haec
1147 649 1227 672 cum
1245 640 1412 674 caecitate
1437 645 1529 674 esset
1553 646 1725 685 correpta,
1743 641 1795 676 fa-

401 709 460 731 ma
478 698 663 743 signorum
682 696 718 730 S.
737 696 933 735 Lamberti,
952 696 1110 740 episcopi
1128 700 1164 729 et
1181 696 1363 740 martyris,
1381 702 1479 731 mota
1497 697 1672 732 Leodium
1687 699 1796 738 venit,

401 754 463 789 ubi
482 754 526 787 ad
544 753 620 798 ejus
639 753 864 797 sepulchrum
887 763 992 786 orans
1018 753 1139 786 lumen
1165 753 1308 796 recepit,
1333 758 1369 786 et
1394 753 1524 787 ibidem
1552 755 1797 800 virginitatem

400 811 478 845 Deo
495 810 607 850 vovit,
625 821 689 843 nec
706 821 727 843 a
744 814 845 853 patre
862 809 1067 852 persuaderi
1085 819 1242 852 unquam
1262 810 1380 852 potuit
1398 814 1439 843 ut
1457 810 1575 844 virum
1599 812 1796 855 acciperet3

401 866 461 902 sed
480 867 603 901 divino
619 878 685 900 usa
703 866 851 900 consilio
868 865 906 898 in
926 864 1169 898 Taxandriam
1188 865 1298 905 venit,
1325 876 1460 910 suaque
1486 868 1675 901 sanctitate
1702 868 1802 903 Rho-

402 925 509 959 dense
527 923 751 957 territorium
778 922 997 956 sublimavit.
1050 921 1140 964 Cum
1160 926 1280 956 autem
1306 922 1344 955 in
1369 924 1462 956 silva
1487 924 1657 964 latitaret,
1683 925 1799 968 picam

402 992 467 1016 sua
483 981 698 1025 loquacitate
716 980 813 1014 illam
832 979 1006 1023 prodiisse
1024 979 1197 1013 traditum
1216 984 1281 1020 est,
1308 985 1528 1026 quapropter
1552 985 1589 1014 et
1613 992 1694 1015 cum
1721 982 1801 1025 pica

400 1038 574 1084 pingitur.
636 1037 742 1071 Clara
772 1047 857 1071 vero
886 1037 999 1082 signis
1025 1041 1061 1070 et
1087 1036 1283 1070 virtutibus
1313 1037 1445 1072 ibidem
1478 1038 1620 1072 obviam
1652 1038 1801 1074 Christo

403 1106 532 1139 sponso
550 1095 660 1134 venit,
686 1098 722 1128 et
747 1094 792 1128 ad
817 1094 962 1138 nuptias
989 1099 1115 1127 vocata
1139 1098 1300 1137 aeternas
1326 1094 1479 1139 quiescit
1504 1095 1541 1128 in
1568 1094 1800 1130 Rhodonensi

404 1152 548 1186 ecclesia
574 1151 823 1185 canonicorum
851 1162 944 1185 anno
971 1159 1010 1184 D.
1036 1150 1142 1194 (forte
1169 1152 1358 1196 Dccxnl.)
1385 1156 1422 1185 et
1438 1156 1480 1186 ut
1501 1157 1651 1196 patrona
1669 1152 1800 1187 ibidem

403 1209 542 1243 colitur.
594 1208 695 1247 Quae
712 1208 893 1242 miraculis
912 1218 1100 1242 coruscans
1118 1208 1255 1242 elevata
1280 1212 1334 1242 est
1359 1219 1423 1252 per
1449 1209 1642 1243 otbertum
1666 1209 1799 1253 episco-

402 1276 489 1310 pum
507 1265 739 1300 Leodiensem
759 1277 852 1299 anno
872 1263 1016 1299 M0111.”
1067 1264 1368 1311 Martyrologium
1387 1265 1599 1311 Anglicum3
1620 1271 1655 1300 et
1674 1266 1800 1300 Calen-

403 1323 542 1357 darium
562 1347 571 1356 .
591 1347 600 1357 .
616 1347 625 1357 .
641 1347 650 1356 .
666 1322 901 1362 Benedictini,
913 1321 1109 1366 praefixum
1121 1322 1219 1366 operi
1233 1322 1303 1366 pio,
1319 1322 1376 1356 cui
1388 1323 1517 1356 titulus
1533 1322 1702 1357 Manuale
1716 1322 1801 1358 Pre-

404 1391 495 1420 cum,
519 1378 652 1426 [quod]
665 1379 778 1413 Duaci
793 1379 937 1424 prodiit,
954 1379 1041 1413 haec
1054 1379 1182 1413 habet:
1202 1383 1223 1398 ‘⁶
1237 1377 1273 1412 S.
1289 1378 1403 1418 Odda,
1415 1378 1489 1413 filia
1503 1380 1690 1425 cujusdam
1703 1381 1801 1427 regis

405 1437 575 1471 Scotiae.'’
626 1436 725 1470 Idem
743 1436 898 1470 Jacobus
917 1436 1139 1481 Cheynaeus,
1158 1440 1194 1470 et
1210 1435 1374 1470 Adamus
1392 1435 1573 1471 Valassar.

454 1494 594 1528 Claruit
612 1505 705 1528 anno
724 1502 813 1527 Dec.
854 1493 994 1527 Colitur
1010 1493 1173 1538 religiose
1192 1493 1269 1538 ejus
1287 1493 1470 1533 memoria,
1494 1494 1636 1538 templis
1654 1495 1687 1528 ei
1705 1498 1800 1530 stru-

405 1552 470 1586 ctis
488 1552 597 1586 variis
615 1551 716 1597 regni
733 1551 830 1591 locis,
849 1551 906 1585 die
924 1559 1059 1584 xxvn.
1079 1549 1252 1584 Novemb.
1303 1549 1465 1584 Breviar.
1485 1550 1578 1585 Scot.

922 1664 959 1699 S.
988 1663 1146 1699 OTHA.
1199 1665 1285 1701 9⁷2.

408 1781 443 1816 S.
462 1780 596 1820 ΟΤΗΑ,
614 1784 650 1814 et
667 1779 745 1824 ipsa
761 1778 983 1825 virginitatis
1000 1778 1115 1824 gloria
1131 1778 1295 1824 insignis,
1314 1777 1349 1811 S.
1369 1777 1545 1813 Fintanae
1563 1780 1668 1820 socia,
1694 1785 1741 1821 et,
1758 1786 1799 1815 ut

407 1843 506 1884 puto,
526 1837 647 1872 eodem
665 1836 884 1870 monasterio
902 1836 1029 1870 velata.

457 1895 563 1929 Clara
579 1898 655 1928 erat
672 1905 765 1928 anno
785 1901 932 1926 Dxxvl.
984 1892 1162 1926 Coluntur
1179 1891 1302 1926 ambae
1320 1892 1365 1926 ab
1381 1893 1527 1927 ecclesia
1544 1892 1692 1935 Scotica,
1712 1899 1799 1929 tem-

408 1953 475 1999 plis
494 1956 529 1986 et
547 1951 618 1986 aris
636 1950 816 1990 dedicatis,
835 1950 892 1984 die
910 1958 1002 1984 XIII.
1022 1949 1167 1983 Octobr.
1219 1948 1381 1983 Breviar.
1399 1948 1525 1984 Scotic.

800 2063 1034 2099 JOANNES
1060 2063 1263 2099 OGILBY.
1316 2066 1402 2102 973.

409 2180 433 2215 J
436 2189 600 2215 OANNES
618 2180 752 2226 Ogilby
769 2180 914 2215 Brunae
930 2180 969 2214 in
986 2179 1137 2214 Austria
1155 2177 1324 2213 Societati
1345 2178 1434 2214 Jesu
1458 2190 1588 2214 nomen
1611 2180 1733 2221 dedit3
1760 2180 1798 2214 in

411 2249 482 2283 qua
499 2249 578 2271 cum
597 2238 719 2271 multis
737 2238 840 2272 annis
858 2238 916 2282 pie
933 2237 1092 2277 vixisset,
1119 2237 1163 2270 ad
1181 2237 1369 2281 populares
1393 2236 1515 2271 Scotos
1543 2237 1683 2277 missus,
1711 2237 1797 2271 dum

412 2295 612 2329 constantia
633 2305 715 2328 vere
739 2294 931 2339 apostolica
952 2294 1126 2328 haeresim
1152 2299 1348 2339 oppugnat,
1375 2305 1396 2327 a
1421 2293 1598 2327 Sathanae
1624 2294 1799 2328 ministris

412 2351 591 2385 custodiae
625 2352 859 2395 mancipatus,
901 2362 943 2385 ac
976 2352 1172 2385 multorum
1216 2350 1356 2384 dierum
1397 2351 1625 2395 noctiumque
1667 2351 1800 2385 insom-

412 2409 472 2443 nia
502 2408 690 2448 cruciatus,
719 2408 805 2442 dum
836 2413 872 2443 et
902 2408 1002 2442 Petri
1027 2408 1224 2453 primatum
1255 2411 1292 2442 et
1321 2407 1413 2442 sedis
1443 2408 1655 2452 apostolicae
1684 2407 1800 2454 digni-
