2060 2848
371 323 434 355 466
764 322 997 356 HISTORIA
1021 323 1394 356 ECCLESIASTICA

524 418 639 465 Leges
657 419 700 452 de
719 418 837 465 Regni
856 419 1082 453 Successione
1182 419 1244 453 lib.
1265 428 1290 452 1.
1341 419 1365 452 J
1367 430 1497 453 oannes
1517 419 1698 455 Leslaeus.

426 476 637 520 peremptus
655 480 708 510 est
726 487 819 511 anno
838 477 939 522 regni
958 485 1078 510 XXXI.
1106 477 1169 511 sal.
1197 485 1301 510 MXL.
1329 477 1473 511 sedente
1500 477 1636 511 Romae
1664 478 1775 512 Bene-

375 534 469 568 dicto
486 533 592 568 VIII.
612 534 810 578 imperante
829 533 987 568 Henrico
1005 533 1074 568 ΙΙΙ.
1095 534 1315 568 Francorum
1334 546 1419 580 rege
1438 533 1596 569 Henrico
1611 535 1639 569 Ι.
1682 535 1776 569 Vide

377 590 568 626 Hectorem
588 591 782 626 Boethium
801 591 863 626 lib.
883 600 941 625 XI.

608 706 883 741 MARTINUS
910 705 1404 741 POENITENTIARIUS.
1457 708 1540 744 879.

379 821 615 862 MARTINUS,
634 832 746 866 papae
765 820 1078 859 Poenitentiarius,
1102 820 1147 854 ab
1165 820 1278 854 officio
1296 821 1348 854 ita
1365 825 1524 861 vocatus,
1543 827 1777 866 cognomento

375 879 482 912 etiam
501 879 545 913 ab
563 879 743 913 historicis
762 879 889 912 Poloni
908 882 1026 918 notus,
1045 878 1173 921 patria,
1200 882 1242 911 ut
1268 877 1507 924 Eisengrinus
1533 879 1623 918 vult,
1651 878 1777 912 Cantu-

377 938 490 976 lanus,
505 936 699 970 monachus
714 936 971 976 cisterciensis,
990 940 1031 969 ut
1047 936 1228 969 nonnullis
1243 947 1428 981 perperam
1446 936 1599 976 videtur,
1614 936 1777 971 Domini-

376 1006 495 1034 canus,
507 995 603 1039 quod
617 994 738 1028 verius
752 998 816 1034 est,
830 993 1115 1038 archiepiscopus
1128 993 1355 1028 Cosentinus.
1392 998 1414 1013 “
1427 993 1504 1028 Alii
1518 994 1614 1028 hunc
1630 993 1775 1029 Scotum

376 1052 546 1093 faciuntf’
573 1053 692 1097 inquit
719 1051 903 1101 Antonius
934 1051 1151 1085 Possevinus
1183 1050 1360 1095 Apparat.
1392 1051 1488 1086 Sacr.
1519 1063 1601 1098 pag.
1634 1061 1775 1086 ccccx.

378 1110 566 1156 Bugianus
579 1110 845 1149 Benedictinus,
864 1114 898 1142 et
913 1108 1064 1142 Arnold.
1077 1108 1199 1143 Uvion
1213 1108 1295 1154 Lig.
1309 1109 1417 1144 Vitae
1428 1110 1486 1143 lib.
1502 1119 1528 1143 Ι.
1542 1121 1624 1156 pag.
1641 1119 1775 1144 LXXII.

378 1168 521 1202 Platina
538 1168 576 1201 in
595 1167 740 1202 Victore
759 1166 829 1200 III.
849 1171 871 1185 ‘⁶
889 1166 1072 1200 Martinus
1091 1166 1228 1207 Scotus,
1248 1167 1304 1200 vir
1321 1178 1472 1213 magnae
1490 1168 1682 1207 doctrinae,
1706 1169 1777 1202 sin-

375 1226 580 1270 gularisque
599 1225 726 1259 vitae.”
776 1224 927 1269 Scripsit

525 1282 803 1328 Chronologiam
838 1282 899 1315 lib.
934 1291 958 1315 1.
995 1281 1052 1315 cui
1089 1281 1200 1315 aniles
1235 1283 1368 1326 passim
1405 1282 1544 1316 fabulas
1576 1283 1775 1323 admiscuit,

575 1341 731 1374 maxime
747 1343 994 1384 portentosum
1013 1339 1103 1373 illud
1120 1344 1360 1374 commentum
1379 1340 1422 1373 de
1445 1339 1469 1373 J
1472 1351 1586 1375 oanne
1611 1341 1777 1385 pontifice

575 1397 719 1438 femina,
745 1397 841 1442 quod
869 1397 1020 1438 abunde,
1048 1401 1090 1431 ut
1117 1407 1231 1441 Spero,
1264 1397 1419 1431 refutavi
1448 1398 1509 1432 lib.
1539 1407 1593 1432 VI.
1626 1397 1775 1433 Hetrur.

576 1455 700 1501 Regal.
723 1467 798 1500 cap.
819 1464 863 1488 11.
915 1454 958 1488 In
990 1454 1086 1489 hunc
1111 1459 1276 1489 nostrum
1302 1454 1503 1489 Martinum
1530 1457 1777 1490 annotationes

576 1514 688 1548 edidit
706 1512 884 1547 Suffridus
903 1512 1044 1547 Petrus.

427 1572 596 1607 Florebat
613 1582 707 1605 anno
726 1579 850 1605 MCCL.
869 1571 925 1604 vel
945 1578 1130 1604 MCCCXX.
1150 1569 1318 1616 Bugiano
1335 1574 1370 1604 et
1389 1569 1530 1605 Uvione
1552 1572 1768 1606 auctoribus.

871 1684 1153 1720 MARTINUS.
1206 1687 1289 1719 880.

380 1803 604 1837 MARTINUS
622 1802 695 1848 hic,
711 1803 802 1836 alter
819 1801 1014 1835 monachus
1032 1800 1288 1841 cisterciensis,
1307 1802 1398 1835 male
1416 1813 1437 1835 a
1455 1802 1668 1846 quibusdam
1695 1814 1774 1836 cum

380 1861 552 1905 superiori
567 1860 810 1899 confunditur,
822 1864 1041 1903 putaturque
1055 1859 1190 1892 ordinis
1204 1859 1314 1893 fuisse
1326 1859 1372 1892 D.
1388 1859 1582 1893 Dominici.
1610 1859 1777 1903 Baptista

380 1919 520 1952 Platina
539 1919 575 1951 in
594 1918 739 1952 Victore
757 1916 827 1951 III.
848 1922 869 1936 “
884 1917 1066 1950 Martinus
1086 1916 1223 1956 Scotus,
1244 1918 1300 1950 vir
1318 1928 1468 1962 magnae
1486 1917 1679 1958 doctrinae,
1699 1918 1777 1961 [sin-

378 1976 583 2020 gularisque
602 1976 707 2015 vitae,
727 1975 764 2008 in
783 1986 849 2009 sua
868 1974 1017 2008 historia
1035 1975 1257 2008 conscribit-'³
1310 1974 1445 2008 Paulus
1464 1974 1637 2020 Langius,
1656 1987 1777 2009 mona-

379 2034 464 2066 chus
484 2032 752 2072 Boznamensis,
771 2032 904 2066 Chron.
925 2031 1094 2065 Citizens.
1124 2036 1144 2050 “
1163 2031 1345 2065 Martinus
1367 2031 1504 2071 Scotus,
1532 2033 1776 2066 Cisterciensis

379 2091 524 2130 ordinis,
545 2090 679 2124 Romae
698 2091 733 2123 in
754 2090 869 2134 pretio
887 2089 992 2123 fuit.'’
1045 2089 1197 2133 Scripsit
1215 2089 1532 2123 celebratissimum
1552 2100 1653 2134 opus,

527 2148 797 2187 Martinianam‚
816 2148 891 2181 sive
917 2147 1104 2181 historiam
1133 2147 1287 2186 brevem,
1315 2146 1375 2180 lib.
1396 2156 1421 2179 1.
1450 2148 1500 2181 ait
1527 2147 1656 2181 ibidem
1683 2147 1775 2180 Lan-

576 2206 657 2251 gius
675 2205 876 2251 Cygnaeus.

429 2263 594 2297 Florebat
614 2274 707 2296 anno
727 2271 945 2296 MCCLXVH.
973 2262 1075 2296 Paul.
1106 2262 1261 2307 Morigia
1288 2262 1348 2296 lib.
1370 2271 1412 2296 11.
1432 2273 1506 2306 cap.
1530 2270 1581 2295 vr.
1610 2266 1631 2280 ‘⁶
1650 2261 1777 2296 Marti-

381 2332 446 2354 nus
479 2320 616 2359 Scotus,
647 2320 841 2353 secundum
873 2321 1063 2354 nonnullos
1092 2320 1226 2354 ordinis
1252 2319 1508 2359 Cisterciensis,
1535 2330 1640 2363 opera
1664 2320 1775 2353 inulta

382 2389 530 2422 magnae
550 2376 664 2411 famae
684 2376 917 2421 composuit.''
