2060 2848
664 303 840 337 GENTIS
864 303 1140 343 SCOTORUM‚
1165 304 1254 336 LIB.
1279 304 1374 336 XVI.
1646 305 1710 336 575

476 397 707 442 Florilegium
725 396 918 441 Spirituale
1259 397 1319 431 lib.
1341 406 1366 430 1.

378 454 529 488 Creatus
571 457 625 486 est
670 453 779 487 abbas
823 452 1014 486 Meli-osiae
1058 463 1151 487 anno
1197 461 1401 487 ucCLXIx.
1475 453 1574 487 Obiit
1617 464 1708 487 anno

330 517 566 545 richxxm.
618 508 907 543 Scotichronicon
923 509 984 543 lib.
1003 517 1043 542 x.
1062 520 1137 553 cap.
1157 518 1312 543 xxxm.

627 621 841 657 THOMAS
866 621 1162 657 RUBETTIUS
1188 623 1241 657 M.
1295 625 1402 660 1087.

325 737 503 771 THOMAS
521 737 726 777 Rubettius,
745 737 968 771 Benedictini
986 737 1120 771 ordinis
1137 738 1342 777 monachus,
1368 749 1387 772 e
1403 739 1551 773 seculari
1579 750 1706 783 pompa

324 795 369 829 ad
386 795 584 840 regularem
600 794 764 828 habitum
781 794 950 828 transivit
966 805 1047 828 cum
1077 793 1112 827 S.
1133 793 1339 834 Waltheno‚
1364 796 1465 840 cujus
1484 795 1599 830 socius
1616 795 1708 828 indi-

325 852 454 885 viduus
471 855 507 885 et
524 861 639 885 comes
663 861 777 896 usque
802 851 848 885 ad
865 855 1015 885 mortem
1040 849 1121 884 fuit.
1173 849 1459 886 Scotichronicon
1484 857 1520 886 et
1546 853 1707 886 continu-

325 912 403 942 ator
420 908 595 942 Forduni.
646 907 797 952 Scripsit.

469 964 621 999 Decreta
637 964 831 1008 Synodalia
1260 964 1320 998 lib.
1341 974 1367 998 1.

469 1021 524 1056 De
541 1022 628 1057 Vita
646 1021 683 1056 S.
701 1022 885 1056 Waltheni
1257 1021 1319 1054 lib.
1340 1029 1365 1054 1.

471 1079 526 1112 De
543 1078 728 1112 Mil-aculis
744 1078 903 1124 ejusdem
1257 1077 1317 1112 lib.
1339 1086 1365 1111 1.

371 1135 512 1170 Floruit
528 1145 623 1169 anno
641 1143 757 1169 Mem.

698 1247 971 1282 ROBERTUS
997 1247 1175 1282 ABBAS.
1230 1249 1337 1282 1088.

324 1363 554 1402 Rosam-us,
576 1361 686 1396 abbas
707 1360 957 1395 Dunfermelin
986 1372 1031 1395 ex
1055 1361 1229 1395 monacho
1254 1362 1412 1407 ejusdem
1438 1361 1516 1401 loci,
1542 1363 1707 1396 successit

322 1418 539 1453 Archibaldo
558 1418 678 1453 abbati
696 1417 875 1452 defuncto.
925 1417 1212 1453 Scotiehronicon
1238 1418 1299 1452 lib.
1317 1426 1406 1451 VIII.
1432 1428 1508 1462 cap.
1529 1427 1612 1452 L1x.
1640 1418 1707 1452 Vir

321 1475 557 1516 doctissimus,
582 1480 619 1509 et
644 1475 829 1521 religiosae
854 1475 950 1509 vitae
975 1476 1090 1509 cultor
1115 1475 1333 1515 indefessus;
1360 1475 1496 1519 synodo
1521 1480 1638 1509 tamen
1662 1477 1706 1509 ad

322 1531 585 1578 Edimburgum
604 1531 728 1565 habita
745 1543 767 1566 a
783 1531 807 1565 J
809 1542 922 1566 oanne
940 1532 1145 1576 presbytero
1162 1532 1342 1571 cardinali,
1362 1532 1467 1565 titulo
1485 1532 1521 1566 S.
1535 1531 1703 1575 Stephani

324 1589 361 1622 in
378 1588 503 1623 Monte
521 1588 653 1628 Caelio,
670 1598 734 1632 per
758 1587 913 1622 Scotiam
938 1593 975 1622 et
998 1588 1207 1622 Hiberniam
1232 1589 1348 1634 legato
1374 1589 1576 1632 apostolico,
1602 1588 1706 1632 depo-

322 1646 413 1680 situs
430 1650 506 1686 est;
525 1656 633 1690 quam
646 1645 692 1680 ob
707 1656 848 1679 causam
862 1646 1084 1690 exploratum
1096 1656 1169 1679 non
1185 1645 1307 1685 habeo,
1325 1646 1400 1690 ipse
1417 1649 1535 1680 tamen
1550 1646 1616 1679 sibi
1634 1656 1702 1679 nou

322 1702 447 1741 defuit,
466 1702 527 1736 sed
544 1702 685 1736 decreto
701 1702 810 1748 legati
829 1702 982 1736 viriliter
998 1702 1207 1743 intercessit,
1226 1703 1435 1747 scripsitque

470 1758 743 1792 Povocationem
761 1759 806 1792 ad
825 1759 960 1803 Papam
1258 1759 1318 1794 lib.
1339 1768 1363 1793 1.

469 1814 524 1848 De
541 1815 658 1849 Causa
676 1825 752 1854 sua,
769 1815 815 1848 ad
832 1815 986 1854 Clerum,
1255 1816 1314 1850 lib.
1335 1825 1361 1849 1.

372 1871 598 1916 Deprehendi
615 1881 660 1905 ex
683 1871 945 1905 Scotichronico
969 1871 1030 1905 lib.
1058 1880 1097 1905 x,
1123 1882 1198 1916 cap.
1228 1881 1281 1905 lv·
1308 1882 1449 1905 causam
1475 1872 1701 1916 depositionis

323 1929 400 1974 ejus
425 1928 546 1967 fuisse,
572 1928 667 1972 quod
692 1938 773 1961 cum
800 1928 900 1973 regni
933 1928 1159 1962 cancellarius
1191 1933 1293 1968 esset,
1329 1932 1364 1962 et
1398 1929 1435 1961 in
1465 1929 1599 1974 Anglia
1627 1929 1701 1974 regi

322 1985 528 2019 Alexandro
557 1995 671 2018 comes
703 1988 804 2023 esset,
837 1983 983 2017 chrici
1013 1984 1105 2030 regis
1136 1984 1172 2018 ΙΙ
1177 1984 1204 2018 Ι.
1236 1984 1344 2018 filiam
1376 1985 1614 2030 Margaretam
1645 1985 1702 2018 de-

321 2041 515 2085 sponsanti,
533 2041 731 2086 legitimare
757 2040 908 2074 voluerit
933 2051 1089 2074 sororem
1114 2041 1209 2086 regis
1234 2042 1403 2085 spuriam,
1430 2052 1575 2075 uxorem
1593 2041 1699 2074 Alani

324 2097 509 2137 Hosfiarii,
528 2098 648 2142 magni
666 2096 802 2131 Scotiae
817 2097 1026 2141 justitiarii3
1045 2101 1081 2131 et
1098 2097 1253 2142 sigillum
1271 2098 1412 2141 quidem
1430 2108 1599 2142 magnum
1616 2099 1701 2143 legi-

322 2154 500 2189 timationi
527 2152 670 2187 affixum
697 2153 954 2187 comminutum
983 2152 1063 2193 fuit,
1089 2164 1241 2198 curaque
1266 2158 1301 2188 et
1327 2153 1477 2188 officium
1504 2155 1700 2188 cancellarii

323 2211 493 2244 traditum
512 2209 707 2250 Gamelino,
725 2214 846 2254 postea
863 2209 899 2243 S.
917 2208 1081 2243 Andreae
1098 2210 1268 2254 episcopo.

371 2267 493 2301 Abbas
509 2274 647 2300 creatus
665 2271 718 2301 est
735 2277 828 2300 anno
847 2274 1148 2301 MCLxxxxvnI.
1199 2265 1286 2300 Sede
1303 2272 1420 2301 motus
1445 2278 1538 2302 anno
1558 2276 1696 2301 mccl-1.

322 2324 390 2358 uisi
407 2323 444 2357 hi
462 2324 532 2358 duo
551 2322 699 2358 Roberti
717 2323 846 2357 diversi
865 2322 947 2357 sint.
