2060 2848
336 288 400 321 676
719 286 954 320 HISTORIA
977 286 1353 320 ECCLESIASTICA

338 383 444 418 nibus
473 382 683 428 aliquandiu
717 383 762 415 ad
796 381 842 416 D.
875 381 1053 416 Maxentii
1083 381 1225 416 Fanum
1255 381 1443 422 substitit;
1476 385 1553 415 tum
1585 381 1737 416 Tolosae

338 440 567 474 humaniores
607 441 740 474 iterum
783 439 904 473 literas
946 438 1138 483 professus,
1181 439 1376 473 laborantis
1419 439 1617 473 academiae
1659 450 1737 472 ora-

338 502 396 532 tor
438 502 588 537 creatus,
625 507 736 543 grave
774 496 982 541 periculum,
1026 501 1062 531 et
1100 497 1315 541 optimatum
1357 497 1640 543 indignationem
1682 497 1738 530 in-

338 555 462 589 currit.
517 553 661 588 Exinde
698 553 892 598 Monspelii
927 554 1193 600 philosophiam
1226 554 1452 599 professurus
1495 554 1644 595 invitus,
1682 565 1738 588 ro-

337 613 506 659 gantibus
559 611 701 646 Adamo
754 611 1006 645 Abrenethaeo
1055 616 1092 645 et
1141 610 1290 645 Andrea
1339 610 1518 651 Currerio,
1570 610 1737 645 infaustis

339 670 476 710 avibus,
511 669 734 703 Nemausum
768 668 868 708 abiit,
906 668 968 701 ubi
998 668 1177 712 publicam
1215 667 1436 711 eloquentiae
1469 667 1736 712 professionem,

338 727 585 771 disceptationi
636 725 797 770 publicae
847 725 1054 770 subjectam,
1106 724 1210 758 victis
1261 724 1563 768 competitoribus,
1614 729 1650 758 et
1702 726 1739 758 in

338 784 394 818 his
421 782 555 817 Jacobo
586 782 758 817 Grassero
788 781 991 822 Basiliensi,
1019 793 1100 816 cum
1130 782 1303 816 sedissent
1326 781 1465 826 judices
1494 782 1624 827 viginti
1652 793 1739 826 qua-

340 846 433 881 tuor,
463 841 539 874 solo
568 839 673 874 unico
704 838 880 873 Barnerio
910 839 1097 885 municipii
1127 839 1316 874 decurione
1347 839 1619 880 contradicente,
1650 839 1740 874 obti-

336 899 429 933 nuit.

387 956 457 991 Sed
483 956 608 991 acerba
629 956 692 991 illa
719 956 990 1002 illaetabilisque
1016 957 1167 992 victoria
1192 956 1274 997 fuit,
1300 968 1384 991 nam
1411 961 1446 991 et
1472 956 1547 991 vita
1574 967 1638 1001 per
1664 956 1737 991 vim

338 1014 512 1058 impetita,
539 1013 711 1048 Grassero
737 1025 818 1048 cum
846 1014 902 1048 sui
930 1015 1107 1049 similibus
1139 1015 1323 1055 irruente3
1351 1019 1386 1049 et
1412 1025 1492 1048 curn
1519 1021 1657 1048 armata
1682 1015 1738 1048 vis

339 1072 458 1106 minus
489 1083 533 1106 ex
563 1072 683 1106 animo
712 1073 928 1117 procederet,
961 1073 1123 1106 consulto
1156 1072 1389 1106 conciliabulo
1424 1083 1446 1106 a
1482 1083 1628 1106 munere
1662 1083 1739 1105 sus·

339 1129 492 1174 pendere
511 1134 596 1163 sunt
618 1129 707 1170 ausi,
730 1129 925 1175 instigante
949 1129 1106 1169 Prisaeo,
1131 1134 1208 1164 tum
1227 1130 1404 1164 accusatio
1422 1130 1608 1169 instructa,
1632 1140 1739 1174 opera

340 1186 514 1226 Cheiloni,
545 1186 745 1227 Challassii,
774 1191 810 1221 et
839 1186 1015 1232 Keysaci;
1051 1187 1113 1221 sed
1143 1193 1303 1221 armatus
1329 1186 1522 1221 Grasserus
1552 1197 1633 1220 cum
1663 1188 1738 1220 suis

339 1245 512 1289 repulsus,
543 1248 579 1278 et
609 1244 789 1278 custodiae
818 1244 1054 1288 mancipatus,
1083 1243 1209 1278 fraude
1241 1244 1405 1278 Barnerii
1436 1248 1472 1279 et
1502 1245 1653 1278 aliorum
1687 1245 1738 1278 di·

338 1303 481 1342 missus,
511 1302 641 1336 iterum
673 1300 877 1346 Monspelii,
909 1301 1057 1336 tertium
1083 1301 1251 1337 Lutetiae
1277 1303 1315 1336 in
1340 1313 1514 1337 carcerem
1545 1302 1590 1337 ab
1616 1303 1738 1336 amicis

339 1359 500 1394 Thomae
518 1360 708 1405 conjectus,
727 1363 801 1393 tam
819 1359 1045 1403 pusillanime
1062 1359 1197 1394 factum
1214 1360 1413 1406 ignominia
1426 1360 1596 1404 expiavit.
1647 1359 1741 1394 Con-

338 1419 432 1452 sules
462 1417 669 1462 municipali
699 1417 839 1451 decreto
870 1417 908 1450 in
938 1418 1118 1462 sportulas
1152 1417 1390 1458 condemnati,
1424 1418 1628 1462 postulante
1662 1417 1739 1452 An-

338 1487 427 1510 naeo
445 1475 663 1515 Rulmanno,
682 1475 784 1520 cujus
803 1474 896 1508 actio
915 1475 1050 1518 prodiit
1067 1475 1233 1510 Lutetiae
1258 1475 1354 1521 typis
1382 1475 1495 1510 Hubi.
1546 1475 1739 1510 Accusatio

337 1538 419 1578 post
448 1533 581 1567 biennii
614 1533 840 1566 vexationem
875 1530 943 1566 SC.
979 1531 1149 1567 Tolosani
1180 1538 1336 1574 senatus,
1371 1544 1510 1567 camera
1542 1533 1734 1574 Castrensi‚

338 1591 513 1625 referente
538 1590 583 1624 D.
609 1589 766 1629 Boierio,
793 1590 980 1634 dirempta,
1009 1589 1187 1624 Thomam
1213 1595 1358 1625 senatus
1384 1591 1549 1631 absolvit,
1578 1591 1737 1625 libellum

338 1649 515 1683 famosum
550 1648 587 1682 in
622 1658 704 1681 eum
735 1647 873 1681 editum
903 1658 1013 1681 manu
1043 1648 1216 1682 carnificis
1250 1647 1423 1682 Nemausi
1458 1648 1737 1682 comburendum

339 1707 506 1746 decrevit,
537 1706 715 1750 sportulas
745 1705 820 1739 litis
851 1715 915 1749 per
938 1703 1114 1739 Alardum
1148 1704 1364 1745 Uticensem,
1395 1705 1458 1750 qui
1483 1716 1614 1739 nomen
1640 1717 1740 1741 accu-

338 1765 468 1800 sationi
486 1763 783 1802 commodaverat‚
807 1763 1006 1802 solvendas,
1024 1772 1097 1796 una
1124 1773 1204 1796 cum
1230 1762 1333 1808 gravi
1359 1763 1503 1803 mulcta,
1529 1767 1565 1797 et
1591 1764 1737 1798 testium

339 1821 564 1867 quorundam
582 1821 851 1866 proscriptione,
870 1820 1079 1854 constituit:
1102 1820 1346 1865 patrocinatus
1364 1824 1418 1854 est
1433 1819 1458 1854 J
1460 1831 1591 1855 oannes
1617 1820 1739 1856 Salva-

336 1885 408 1915 tus.

388 1937 447 1972 Sic
468 1937 594 1972 honori
619 1936 773 1981 pristino
795 1947 872 1977 suo,
898 1940 933 1970 et
957 1937 1086 1983 gentis,
1116 1947 1207 1981 quae
1233 1936 1511 1980 periclitabatur,
1536 1937 1737 1978 restitutus,

341 1996 518 2041 Hispania
543 1996 697 2029 lustrata
722 2005 843 2028 curam
870 1994 1027 2038 suscepit
1057 1993 1214 2028 Arthuri
1240 1993 1460 2039 L'Espinay,
1491 1994 1629 2029 abbatis
1660 1999 1738 2029 tum

339 2053 598 2092 Rhedonensis,
633 2063 728 2086 nunc
766 2052 921 2096 episcopi
965 2050 1213 2092 Massiliensis,
1256 2052 1319 2096 qui
1355 2051 1449 2086 filius
1488 2051 1657 2092 Sanlucii‚
1697 2053 1739 2086 il·

339 2111 409 2145 lius
460 2111 583 2157 magni
638 2114 837 2144 castrorum
885 2108 1103 2143 Gallicorum
1154 2120 1195 2143 ac
1244 2114 1505 2143 tormentorum
1556 2109 1737 2153 praefecti,

340 2170 377 2202 in
412 2168 593 2203 obsidione
627 2167 864 2201 Ambianensi
899 2166 1078 2206 exstincti,
1117 2172 1152 2201 et
1196 2167 1308 2201 frater
1342 2166 1578 2201 Timoleontis
1612 2166 1738 2201 Sanlu-

339 2227 395 2266 cii‚
426 2225 639 2269 Bronopolis
669 2225 842 2270 proregis.
902 2223 971 2258 Sed
1002 2229 1081 2259 orta
1110 2224 1267 2259 Brissaci
1301 2224 1405 2271 gravi
1440 2235 1522 2258 cum
1555 2223 1739 2259 Vandora·

340 2294 387 2317 no
417 2282 613 2317 marescalli
644 2286 795 2328 cog-nato
829 2282 920 2322 rixa,
954 2282 1006 2316 illi
1041 2282 1337 2316 honoratissimae
1371 2281 1566 2316 conditioni
1601 2281 1737 2315 deside-

340 2341 394 2376 rio
428 2339 565 2385 patriae
599 2340 845 2374 renunciavit:
882 2350 954 2385 quo
987 2339 1168 2385 profectus
1199 2339 1406 2374 hereditatis
1438 2350 1580 2374 causam
1610 2339 1648 2372 in
1679 2350 1737 2372 su-
