2060 2848
639 315 814 349 GENTIS
837 313 1113 352 SCOTORUM,
1137 314 1226 346 LIB.
1251 314 1348 347 XIV.
1630 315 1690 346 511

317 417 426 448 tatem
444 409 594 444 viriliter
610 412 823 453 propugnat,
841 407 1013 441 Glascuae
1038 407 1230 452 gloriosum
1256 417 1405 452 agonem
1427 406 1561 441 Christi
1582 407 1690 442 invic-

317 474 375 504 tus
386 468 485 501 miles
497 465 766 503 consummavit,
778 475 828 503 ac,
843 475 924 509 rege
943 464 1166 507 postmodum
1185 474 1288 509 aegre
1304 462 1450 502 ferente,
1465 474 1505 496 ac
1518 463 1690 498 ministris

316 523 508 559 tortoribus
534 526 751 555 successente
777 532 817 554 ac
841 520 1000 565 graviter
1024 520 1192 558 minante,
1210 519 1400 563 suspendio
1425 520 1538 553 vitam
1563 519 1689 554 finivit.

315 579 466 624 Scripsit

462 634 643 678 Epistolas
661 634 705 667 ad
723 633 840 667 varios
1248 632 1310 666 lib.
1328 640 1354 665 1.

462 690 555 725 Acta
573 690 741 734 Martyrii
759 691 816 723 sui
1248 689 1308 723 lib.
1329 697 1354 722 1.
1378 699 1468 732 quae
1484 688 1597 723 Duaci
1614 700 1691 733 pro-

509 748 663 786 dierunt,
690 753 726 780 et
747 746 1009 791 autographum
1026 746 1065 779 in
1082 746 1234 779 sacrario
1260 745 1444 780 Societatis
1465 745 1553 779 Jesu
1577 747 1692 792 religi-

511 815 570 837 ose
587 808 791 837 asservatur
807 802 952 836 Romae.

366 861 496 895 Passus
514 865 567 894 est
584 871 677 894 anno
696 868 871 893 Mncxiv.
890 860 946 892 die
963 858 1090 892 ultimo
1108 857 1304 892 Februarii.

880 971 994 1005 ODO.
1046 972 1129 1009 974.

317 1088 406 1122 Ono
423 1086 622 1121 studiorum
640 1085 759 1131 gratia
774 1084 1066 1129 peregrinabatur
1083 1083 1120 1117 in
1146 1084 1252 1118 Italia
1276 1085 1343 1118 sub
1369 1096 1411 1119 ea
1435 1085 1512 1129 ipsa
1536 1090 1693 1130 tempora

316 1144 445 1188 quibus
458 1143 494 1176 S.
509 1142 720 1176 Franciscus
739 1142 873 1175 invicta
887 1141 1019 1174 virtute
1033 1140 1110 1174 Deo
1123 1142 1238 1185 coepit
1251 1142 1419 1182 militare3
1439 1143 1500 1186 qui
1514 1153 1532 1175 e
1546 1143 1694 1188 vestigio

317 1200 530 1234 sanctissimi
550 1200 618 1233 viri
637 1199 834 1243 praesentia
852 1203 892 1231 ut
910 1198 1050 1231 coelesti
1067 1198 1196 1241 spiritu
1218 1199 1402 1242 impulsus,
1429 1203 1525 1233 totus
1551 1201 1693 1239 exarsit,

317 1268 382 1292 nec
406 1257 543 1290 destitit
570 1257 680 1289 donec
705 1260 726 1275 “
744 1260 905 1289 sanctum
928 1254 1027 1287 illum
1051 1254 1211 1288 habitum
1235 1255 1381 1288 indutus
1407 1256 1565 1290 ordinem
1590 1267 1695 1290 suum

318 1315 356 1349 in
373 1313 527 1347 Scotiam
549 1312 727 1352 inferret,”
745 1313 795 1345 ait
812 1311 1098 1345 Scotichronicon
1113 1321 1122 1350 ;
1150 1312 1244 1354 quod
1266 1322 1336 1345 non
1354 1316 1428 1345 tam
1445 1313 1554 1345 miror
1571 1313 1608 1346 in
1625 1313 1695 1347 his-

319 1371 411 1404 toria
428 1370 523 1403 illius
542 1370 652 1402 sancti
671 1369 782 1412 patris
800 1368 981 1406 omissum,
1008 1378 1114 1411 quam
1136 1368 1256 1408 doleo;
1284 1379 1366 1401 nam
1388 1379 1468 1402 cum
1487 1369 1694 1404 Franciscus

319 1426 488 1471 Gonzaga
506 1426 684 1469 praeclaro
710 1425 888 1458 volumine
913 1424 955 1456 de
977 1423 1125 1469 Origine
1147 1424 1292 1468 Seraph.
1320 1424 1496 1469 Religion.
1523 1431 1614 1469 part.
1634 1436 1693 1460 111.

318 1494 399 1528 pag.
431 1490 684 1516 DCCCXLVIII.
711 1482 868 1520 dixisset,
895 1480 1099 1525 religionem
1125 1492 1202 1514 eam
1228 1481 1305 1524 ipso
1336 1480 1372 1515 S.
1397 1481 1585 1516 Francisco
1611 1484 1694 1517 vivo

319 1541 357 1573 in
374 1539 490 1573 Scotia
508 1540 716 1582 plantatam,
734 1538 845 1571 tacuit
863 1537 954 1570 tanti
980 1536 1137 1570 beneficii
1162 1542 1351 1577 auctorem,
1378 1543 1413 1571 et
1438 1539 1600 1582 periisset
1625 1551 1699 1585 me:

320 1596 432 1630 moria
449 1595 518 1629 nisi
537 1605 580 1628 ex
598 1594 849 1628 Scotichronici
868 1593 1076 1638 fragmentis
1102 1604 1178 1626 eam
1205 1594 1387 1628 emissem.
1438 1594 1586 1638 Scripsit
1611 1607 1695 1630 vero

318 1653 398 1686 Odo

463 1708 519 1741 De
536 1707 720 1741 Miraculis
739 1718 760 1740 a
777 1717 813 1740 se
831 1706 917 1740 visis
1249 1707 1310 1741 lib.
1329 1716 1355 1741 Ι.

464 1764 523 1798 Ad
542 1764 687 1798 Fratres
703 1774 786 1797 suos
1250 1764 1310 1798 lib.
1330 1772 1356 1798 1.

367 1822 466 1856 Obiit
495 1818 569 1866 [in]
598 1819 756 1853 Galweia
780 1819 909 1865 exiguo
931 1819 1179 1854 monasteriolo
1204 1830 1226 1853 a
1250 1831 1288 1854 se
1304 1824 1517 1862 constructo,
1540 1833 1603 1856 nec
1619 1823 1696 1857 sine

320 1878 569 1913 miraculorum
587 1876 711 1921 gloria,
728 1887 821 1909 anno
840 1884 1010 1909 MCCXLI.
1061 1875 1200 1909 Colitur
1217 1885 1315 1911 xxv,
1334 1877 1469 1912 Martii.

721 1987 926 2022 ALANUS
951 1987 1014 2022 OG
1020 1987 1150 2022 ILBY.
1201 1991 1284 2026 975.

320 2103 492 2138 ALANUS
526 2102 670 2148 Ogilby‚
705 2102 780 2136 sive
814 2101 990 2147 0gssvius,
1027 2100 1246 2136 nobilissima
1278 2100 1414 2136 familia
1452 2108 1562 2143 ortus,
1603 2116 1693 2149 quae

322 2164 499 2195 auctorem
526 2159 651 2192 habuit
676 2157 831 2192 Bredum
858 2157 1045 2201 quendam,
1071 2156 1287 2192 Gillechristi
1312 2158 1469 2198 fratrem,
1495 2159 1561 2194 sub
1585 2160 1695 2195 Alex-

322 2217 433 2251 andro
459 2215 508 2249 11.
538 2214 723 2249 Wilhelmi
752 2214 846 2259 regis
875 2213 958 2253 filio,
988 2213 1054 2247 sub
1084 2225 1217 2247 annum
1248 2223 1343 2249 Mcc.
1397 2215 1535 2250 Alanus
1564 2222 1693 2256 noster,

321 2273 561 2318 philosophiae
595 2276 631 2305 et
664 2271 854 2305 medicinae
883 2270 1037 2304 scientiis
1067 2271 1322 2312 celeberrimus,
1356 2276 1432 2307 toto
1461 2273 1596 2307 oriente
1624 2275 1694 2308 lus·

323 2334 417 2364 trato
453 2327 759 2371 Constantinopoli
795 2327 1000 2371 aliquandiu
1033 2327 1203 2366 substitit,
1238 2333 1279 2361 ut
1320 2328 1395 2372 ipse
1437 2329 1607 2373 scriptum
1640 2341 1694 2364 re-

322 2386 451 2430 liquit;
487 2385 612 2418 deinde
644 2383 812 2418 venetias
849 2383 957 2422 venit,
992 2383 1054 2417 ubi
1087 2394 1216 2429 magna
1249 2385 1456 2419 eruditionis
1490 2390 1525 2419 et
1557 2387 1693 2432 lingua-
