2060 2848
678 301 853 335 GENTIS
877 301 1151 342 SCOTORUM,
1175 303 1263 336 LIB.
1287 304 1383 337 XVI.
1653 303 1716 336 569

483 393 670 434 Quomodo
686 394 851 429 clu-istus
867 395 1013 439 ponitur
1029 396 1067 430 in
1083 396 1235 442 Signum
1252 395 1471 441 Populorum
1507 395 1568 430 lib.
1588 404 1613 430 1.

482 449 539 484 De
555 449 765 486 Differentia
780 450 949 485 sacrificii
965 451 1085 487 David
1101 457 1138 486 et
1153 451 1320 487 Abrahae
1511 452 1572 486 lib.
1591 461 1617 486 1.

481 505 537 540 De
554 506 765 542 Differentia
781 507 949 542 Sacrificii
966 507 1134 543 Abrahae
1150 513 1186 542 et
1203 507 1248 542 Β.
1266 507 1404 542 Mariae
1510 508 1571 544 lib.
1591 517 1616 543 1.

480 561 699 608 Explanatio
715 563 973 599 Difficultatum
991 575 1035 599 ex
1053 563 1296 599 Tabernaculo
1313 563 1480 599 Foederis
1509 565 1571 600 lib.
1591 573 1617 599 1.

481 617 537 654 De
554 619 706 665 Templo
722 620 919 655 Salomonis
936 621 981 655 ad
997 621 1136 656 literam
1512 622 1573 657 lib.
1593 631 1618 657 1.

482 675 537 710 De
554 676 751 712 Concordia
767 677 984 722 Temporum
1001 677 1040 711 in
1056 677 1164 712 libros
1182 678 1324 724 Regum
1512 679 1573 713 lib.
1593 687 1618 713 1.

482 731 702 778 Explanatio
719 735 900 769 variorum
916 734 1094 769 Locorum
1111 734 1149 768 in
1166 734 1318 769 Psalmis
1513 735 1574 770 lib.
1595 744 1619 769 1.

482 789 699 834 Explanatio
716 791 798 825 libri
815 791 953 826 Cantici
970 790 1198 825 Canticorum
1513 792 1573 827 lib.
1593 800 1618 826 1.

482 846 537 881 De
554 846 700 882 Visione
716 847 914 882 Ezechielis
1515 848 1575 883 lib.
1596 856 1620 882 1.

481 903 537 938 De
555 903 705 948 Templo
722 903 920 938 Ezechielis
1512 905 1572 940 lib.
1592 915 1618 940 1.

480 959 622 994 Decisio
638 960 841 995 Dubiorum
857 961 896 994 in
912 959 1086 1005 Apostolo
1511 963 1573 997 lib.
1592 972 1618 997 1.

483 1015 527 1050 In
543 1015 798 1061 Apocalypsim
813 1016 838 1050 J
839 1017 963 1051 oannis
1511 1019 1571 1053 lib.
1590 1028 1661 1055 vn.

386 1072 486 1106 Haec
517 1083 562 1106 ex
594 1072 804 1107 Bellarmini
841 1073 1116 1108 nomenclatura.
1179 1073 1330 1109 Addunt
1369 1075 1430 1108 alii
1464 1077 1635 1111 nonnulla
1671 1079 1714 1112 ti-

333 1129 419 1163 tulis
449 1129 592 1173 quidem
626 1128 789 1170 diversa3
820 1134 856 1164 et
889 1130 975 1174 quia
1007 1129 1090 1164 libri
1125 1140 1197 1165 non
1226 1136 1311 1165 sunt
1339 1131 1385 1165 ad
1413 1142 1569 1173 manum,
1604 1135 1714 1168 malui

333 1184 388 1219 bis
425 1186 518 1220 idem
551 1196 639 1230 opus
672 1196 813 1230 ponere,
852 1196 959 1231 quam
993 1186 1137 1222 omnino
1170 1187 1359 1234 negligere.
1423 1187 1482 1223 Sic
1517 1200 1602 1235 ergo
1636 1189 1714 1224 Six-

337 1246 417 1276 tus:

481 1299 650 1344 Epitome
666 1301 777 1336 totius
794 1300 920 1335 Sacrae
937 1300 1140 1347 Scripturae
1510 1303 1572 1338 lib.
1592 1314 1618 1341 1.

482 1355 537 1390 De
555 1357 812 1392 Melchisedech
828 1358 976 1403 mystice
1512 1360 1574 1394 lib.
1593 1370 1618 1395 1.

481 1412 536 1447 De
556 1413 864 1449 Benedictionibus
882 1414 1171 1449 Patriarcharum
1512 1416 1573 1451 lib.
1592 1425 1617 1451 1.

483 1469 786 1517 Chronographia,
804 1471 848 1505 ad
866 1471 912 1505 D.
931 1471 1166 1511 Bernardum,
1511 1472 1572 1507 lib.
1591 1482 1617 1507 1.

384 1524 436 1560 Hi
450 1536 495 1560 ex
506 1526 568 1560 illo
585 1527 692 1567 tituli,
710 1532 748 1562 at
765 1538 809 1562 ex
826 1527 1028 1563 Trithemio
1043 1527 1206 1563 nonnulli
1223 1532 1309 1563 sunt
1325 1528 1371 1563 ab
1387 1528 1443 1563 his
1460 1529 1593 1563 omissi.

481 1582 616 1617 Contra
631 1582 656 1616 J
657 1583 863 1618 udajzantes
1511 1585 1572 1620 lib.
1592 1594 1617 1620 1.

479 1638 536 1673 De
552 1639 736 1674 duodecim
753 1639 1028 1685 Apparitoribus
1510 1642 1570 1676 lib.
1591 1651 1617 1676 1.

479 1694 535 1729 De
553 1695 720 1731 Profectu
737 1696 996 1732 Monachorum
1510 1699 1571 1733 lib.
1591 1708 1617 1733 1.

480 1750 535 1785 De
553 1751 703 1796 Triplici
722 1752 939 1788 Holocausto
1511 1755 1572 1789 lib.
1592 1765 1617 1790 1.

478 1807 534 1842 De
551 1807 776 1843 Auctoritate
795 1809 894 1843 Petri
1509 1812 1570 1846 lib.
1590 1820 1615 1846 Ι.

480 1863 535 1898 De
553 1864 790 1899 Instructione
806 1865 1035 1900 Novitiorum
1507 1868 1568 1902 lib.
1589 1877 1614 1902 1.

481 1921 536 1955 De
554 1920 687 1955 Officiis
704 1921 883 1956 Ecclesiae
1511 1925 1571 1960 lib.
1591 1934 1616 1959 1.

479 1977 534 2011 De
552 1986 654 2012 xnn.
673 1978 918 2012 Mansionibus
1507 1982 1568 2016 lib.
1588 1990 1613 2017 1.

478 2033 533 2067 De
551 2033 676 2068 Studio
693 2033 893 2078 Sapientiae
1506 2038 1567 2072 lib.
1587 2047 1612 2072 1.

479 2090 534 2124 De
552 2090 722 2124 Oratione
739 2091 885 2125 mentali
1507 2094 1568 2129 lib.
1587 2104 1613 2129 1.

479 2147 534 2181 De
551 2148 699 2181 diversis
717 2146 915 2182 Affectibus
1508 2151 1570 2185 lib.
1589 2160 1615 2186 1.

480 2203 535 2238 De
552 2203 698 2239 Visione
716 2203 1039 2240 Nabuchodonosor
1507 2207 1568 2242 lib.
1587 2217 1612 2243 1.

479 2260 535 2295 De
552 2265 704 2306 quatuor
721 2260 846 2296 Ventis
1508 2264 1568 2299 lib.
1588 2274 1613 2299 1.

481 2317 536 2353 De
553 2317 679 2352 Verbis
696 2317 824 2353 Esaiae
1509 2321 1570 2357 lib.
1589 2331 1615 2357 1.

990 2376 1058 2409 21<
