2060 2848
682 313 913 347 HISTORIA
937 313 1315 347 ECCLESIASTICA.
1629 316 1693 346 447

310 415 346 445 et
363 410 461 450 illud,
486 412 509 429 “
526 409 563 442 in
581 409 658 455 ejus
681 408 837 443 transitu
854 409 1061 454 angelorum
1079 418 1181 442 voces
1207 408 1378 441 auditas.”
1429 408 1571 442 Dicitur
1596 420 1690 443 nunc

309 478 435 512 corpus
461 466 539 512 ejus
563 477 701 500 sacrum
728 466 951 504 translatum,
982 469 1017 499 et
1046 466 1085 499 in
1120 465 1236 498 media
1260 465 1403 498 eeclesia
1428 465 1690 510 religiosissime

309 525 512 558 decoratum
530 525 776 568 elevatumque
791 533 800 563 3
828 523 934 556 durat
958 522 1062 556 hodie
1079 521 1216 555 familia
1232 522 1271 555 in
1288 521 1458 567 Argadia,
1477 523 1586 567 vulgo
1603 520 1691 556 Ma-

308 579 522 622 kaclzermik,
550 586 585 616 et
602 581 826 615 celeberrima
843 591 883 614 ac
900 580 1002 624 quasi
1025 590 1190 624 praesens
1215 585 1269 613 est
1296 579 1466 612 memoria
1491 579 1585 623 apud
1613 591 1692 613 nos-

308 643 429 673 trates.

760 736 795 771 S.
823 733 1107 770 MACCAEUS.
1160 737 1242 772 829.

308 811 343 845 S.
363 811 601 851 MACCAEUS,
619 811 694 845 sive
712 810 896 850 Maxaeus,
915 810 950 843 S.
972 808 1117 842 Patricii
1134 808 1339 852 discipulus,
1365 819 1405 842 ac
1427 819 1491 852 pro
1509 820 1550 842 ea
1566 808 1691 842 aetatis

308 869 461 902 rudioris
478 868 678 902 conditione
701 872 805 912 poeta
831 867 962 906 suavis,
988 866 1145 899 medicus
1170 877 1211 900 ac
1236 865 1506 900 mathematicus
1531 866 1693 911 insignis.

309 925 489 960 Antonius
507 925 722 959 Possevinus
740 925 871 959 ibidem
888 924 965 958 loci.
1017 922 1167 967 Scripsit

454 982 510 1016 De
526 982 733 1026 recipiendis
751 982 858 1026 lapsis
1104 980 1165 1014 lib.
1186 989 1211 1014 1.
1224 981 1262 1014 in
1274 980 1443 1015 Biblioth.
1455 980 1516 1014 SS.
1530 980 1690 1016 Patrum.

453 1039 508 1073 De
526 1039 614 1072 Fide
630 1043 876 1083 perseverante
1109 1037 1170 1071 lib.
1190 1047 1216 1072 Ι.

453 1096 507 1130 De
524 1096 548 1129 J
550 1096 675 1130 udiciis
694 1095 937 1130 Nativitatum
1107 1094 1168 1128 lib.
1189 1103 1215 1127 Ι.

356 1154 486 1188 Vivere
503 1154 608 1188 desiit
625 1165 718 1188 anno
736 1161 858 1187 CDLX.

803 1267 839 1300 S.
867 1265 1060 1300 MACRA.
1115 1268 1198 1300 830.

306 1383 341 1417 S.
369 1383 534 1422 MACRA‚
560 1384 617 1416 vel
643 1382 781 1428 Magra,
804 1382 890 1421 sive,
922 1386 963 1415 ut
988 1382 1067 1416 aliis
1094 1382 1223 1421 visum,
1251 1381 1410 1422 Machra,
1438 1383 1532 1428 regis
1558 1383 1693 1418 Scotiae

305 1440 387 1481 filia,
419 1451 459 1474 ac
486 1440 699 1474 sanctissimi
725 1439 932 1484 Guthagoni
963 1450 1072 1480 soror,
1103 1449 1184 1472 cum
1211 1449 1282 1483 quo
1304 1439 1457 1482 patriam
1486 1444 1570 1474 voto
1596 1452 1694 1484 pere-

305 1497 517 1542 grinationis
545 1508 696 1542 egressa,
726 1496 764 1530 in
794 1496 1033 1529 valetudinem
1064 1506 1211 1542 gravem
1241 1496 1407 1540 prolapsa
1434 1496 1586 1531 Romam
1616 1508 1694 1541 per-

304 1564 387 1599 gere
414 1564 486 1587 non
510 1553 639 1598 potuit,
670 1553 731 1586 sed
756 1552 819 1586 ubi
844 1551 955 1586 frater
982 1553 1153 1592 discessit,
1185 1553 1223 1586 in
1252 1564 1346 1598 pago
1371 1554 1524 1597 quodam
1550 1552 1694 1588 Fismes

305 1611 495 1651 convaluit,
533 1610 571 1643 in
602 1620 689 1655 agro
719 1609 924 1648 Rhemensi‚
963 1610 1025 1644 ubi
1054 1610 1216 1643 habitum
1252 1614 1375 1654 postea
1411 1611 1597 1645 concilium
1627 1612 1694 1645 sub

304 1678 436 1701 annum
472 1675 664 1701 CMXXXV.
701 1667 906 1711 dictumque
937 1667 1138 1700 Rhemense
1168 1670 1254 1700 tom.
1286 1676 1346 1700 111.
1374 1667 1561 1701 Concilior.
1590 1668 1694 1702 Nico·

305 1726 361 1759 lao
391 1724 557 1759 Chesnau
586 1729 742 1758 auctore.
796 1723 870 1757 Sub
900 1724 966 1757 hoc
997 1723 1167 1768 temporis
1197 1724 1301 1769 virgo
1331 1724 1434 1758 beata
1463 1726 1607 1759 sanitati
1642 1737 1694 1759 re-

306 1782 433 1816 stituta
458 1786 534 1815 est:
561 1781 766 1826 disquisitio
790 1792 854 1825 per
880 1781 1140 1820 Ricfionarum,
1167 1780 1364 1814 Galliarum
1391 1781 1457 1815 sub
1474 1781 1694 1817 Diocletiano

306 1844 341 1873 et
360 1838 584 1873 Maximiano
607 1838 786 1884 Augustis
804 1837 1033 1882 praefectum,
1051 1838 1094 1871 de
1112 1837 1326 1871 Christianis
1349 1839 1489 1872 institui
1507 1844 1640 1883 coepta,
1658 1846 1693 1874 et

306 1897 399 1930 inter
427 1896 514 1929 alios
542 1895 666 1929 Macra
695 1894 801 1929 Scota
830 1895 1091 1939 comprehensa,
1120 1906 1185 1928 nec
1210 1895 1315 1929 minis
1342 1906 1405 1929 nec
1431 1897 1611 1940 suppliciis
1635 1898 1694 1931 de-

306 1953 430 1987 terreri
450 1953 579 1997 potuit,
599 1952 686 1996 quin
704 1953 742 1985 in
766 1957 888 1986 sancta
913 1952 994 1985 fidei
1020 1952 1266 1986 observatione
1291 1957 1541 1996 perseveraret.
1595 1953 1692 1988 Haec

306 2021 350 2043 ex
383 2010 631 2043 continuatore
666 2008 886 2043 Veremundi
918 2009 1128 2053 presbyteri,
1168 2008 1334 2052 Epistola
1375 2009 1525 2042 Joannis
1568 2009 1691 2044 Frase-

307 2067 351 2100 rii
382 2067 426 2100 ad
456 2065 637 2099 Adamum
668 2066 928 2100 Blacvodaeum
957 2066 1053 2109 apud
1079 2064 1279 2099 Gilbertum
1306 2065 1472 2099 Brunum
1498 2067 1536 2099 in
1562 2066 1692 2101 Collec-

306 2124 427 2158 taneis.
481 2123 536 2157 De
555 2124 718 2167 passione
736 2124 812 2169 ejus
831 2123 1050 2158 Flodoardus
1068 2125 1128 2158 lib.
1148 2133 1201 2158 1v.
1230 2124 1366 2159 Histor.
1387 2125 1598 2159 Rhemensis
1616 2136 1690 2169 cap.

309 2190 361 2214 LI.
415 2184 436 2200 ‘⁶
455 2180 542 2214 Post
560 2181 833 2224 insuperabilem
852 2180 986 2214 Christi
1004 2181 1257 2215 confessionem
1278 2183 1491 2227 gravissima
1516 2187 1692 2217 tormenta

307 2249 482 2282 perpessa,
511 2242 591 2281 post
617 2238 854 2271 mamillarum
882 2237 1140 2279 abscissionem,
1168 2243 1204 2272 et
1229 2240 1449 2283 repentinam
1475 2241 1692 2274 curationem

306 2307 370 2339 per
389 2295 584 2341 angelicam
603 2296 641 2328 in
659 2306 794 2328 carcere
812 2295 1063 2335 visitationem,
1086 2296 1170 2329 dum
1197 2307 1304 2340 super
1327 2307 1459 2340 prunas
1485 2301 1520 2331 et
1546 2298 1692 2331 testulas

307 2363 467 2386 accensas
486 2352 583 2385 nuda
601 2353 833 2391 volutaretur,
852 2363 932 2385 cum
950 2352 1110 2396 precibus
1129 2357 1163 2387 et
1181 2353 1379 2399 gratiarum
1407 2354 1603 2388 actionibus
1630 2354 1692 2387 im-

307 2410 522 2443 maculatum
549 2408 625 2443 Deo
650 2409 798 2443 reddens
826 2409 1003 2453 spiritum,
1030 2420 1069 2443 ac
1096 2410 1324 2455 triumphans
1350 2410 1601 2451 adversarium,
1628 2411 1693 2444 ini-
