2060 2848
684 260 859 293 GENTIS
883 260 1158 300 SCOTORUM‚
1182 262 1272 294 LIB.
1294 263 1393 296 XIX.
1669 266 1732 299 639

351 357 399 390 cti
433 355 526 390 Galli
560 358 595 388 et
625 353 745 388 Sancti
779 354 955 388 Bonifacii
984 355 1066 401 igne
1095 358 1383 391 consumuntur.’'
1433 355 1601 401 Explicat
1627 359 1729 393 diffu-

352 413 425 447 sius
450 412 606 446 Joannes
632 410 854 445 Trithemius
879 412 940 446 lib.
959 413 1002 446 de
1029 412 1197 457 Scriptor.
1225 413 1428 448 Ecclesiast.
1455 425 1536 460 pag.
1563 423 1729 449 CCXLIX.

353 474 375 489 “
384 469 602 508 Bonifacius,
613 469 750 513 primus
761 469 1042 514 archiepiscopus
1054 469 1300 515 Moguntinus,
1311 471 1454 504 natione
1467 471 1602 511 Scotus,
1613 482 1730 506 mona-

352 527 438 561 chus
456 526 591 560 ordinis
609 526 646 560 S.
664 525 861 566 Benedicti,
884 537 964 560 cum
982 530 1073 560 esset
1090 537 1178 570 puer
1195 527 1352 571 quinque
1368 538 1553 568 annorum,
1571 540 1593 563 a
1609 539 1732 572 paren-

351 584 447 618 tibus
473 584 547 618 suis
568 584 782 618 monasterio
805 584 843 617 in
859 584 1004 629 Anglia,
1022 584 1118 628 quod
1144 583 1314 618 Mischele
1339 584 1479 625 dicitur,
1506 585 1644 620 oblatus
1667 591 1730 626 est,

350 642 389 675 in
405 653 477 686 quo
493 641 606 675 literis
623 652 663 674 ac
688 640 846 675 moribus
872 641 1031 675 studium
1057 641 1264 685 impendens
1287 641 1344 674 vir
1369 646 1403 675 et
1428 642 1551 676 doctus
1577 647 1613 676 et
1636 653 1732 677 sanc-

350 699 510 733 tissimus
547 698 692 732 evasit.''
752 697 851 731 Infra
883 698 989 742 paulo
1026 697 1084 730 hic
1115 698 1230 731 multa
1262 698 1343 731 vide
1380 699 1474 742 apud
1515 710 1732 744 anonymum

352 760 530 790 auctorem
561 755 654 788 vitae
684 754 719 788 S.
750 753 904 788 Lebuini
934 765 1041 798 quam
1070 754 1177 787 habet
1206 753 1331 788 Surius
1361 759 1446 788 tom.
1478 764 1532 789 vI.
1571 756 1627 790 die
1658 765 1730 791 XII.

352 812 576 847 Novembris.
623 811 817 845 Auctorem
834 816 962 855 putant
981 810 1208 845 Hucbaldum
1232 812 1443 846 monachum
1469 812 1729 848 Elmonensem.

352 870 388 905 ls
415 881 498 915 ergo
523 869 788 914 quamplurima
818 869 861 902 de
892 868 969 912 ipso
996 879 1071 912 cap.
1103 877 1175 902 VII.
1226 868 1318 902 Socii
1348 869 1387 902 in
1417 868 1607 903 Germania
1636 871 1731 904 illius

352 932 388 961 et
414 926 608 971 coepiscopi
635 925 866 959 nominantur
890 925 1011 965 VVera,
1042 925 1232 965 Burckart,
1257 926 1417 965 Warbet,
1449 925 1552 965 Abel,
1584 931 1618 960 et
1642 927 1730 961 Wil-

353 983 472 1018 libald.
525 982 606 1027 Ipse
623 983 725 1026 epist.
745 990 833 1015 XIX.
854 982 894 1015 in
911 982 1064 1015 editione
1081 982 1208 1016 ultima
1224 981 1465 1016 Bibliothecae
1492 982 1553 1016 SS.
1581 983 1730 1018 Patrum

352 1047 438 1075 tom.
458 1049 547 1074 VIII.
591 1039 700 1074 Varie
717 1049 846 1072 nomen
863 1039 1032 1082 scripsere
1050 1039 1172 1083 ipsius.
1215 1038 1436 1073 Winfrithus
1454 1045 1507 1073 est
1525 1040 1655 1075 ibidem
1673 1052 1731 1075 vo-

353 1102 452 1132 catus
490 1097 535 1131 ab
573 1095 734 1141 Eangith
772 1095 950 1129 abbatissa
986 1095 1088 1139 epist.
1129 1104 1311 1129 XXXVIII.
1351 1095 1533 1130 Tortelmo
1571 1098 1731 1142 episcopo

352 1155 591 1190 consentiente
620 1153 723 1197 epist.
756 1162 875 1186 XLIII.
906 1152 1144 1192 Winfrethus,
1179 1152 1408 1186 Ethelbertus
1438 1164 1502 1187 rex
1531 1153 1632 1197 epist.
1664 1163 1731 1187 XL.

355 1211 585 1250 Winfrithus,
623 1210 751 1244 Daniel
794 1210 976 1254 episcopus
1021 1207 1204 1243 Ventanus
1243 1210 1344 1253 epist.
1384 1218 1538 1243 XXXIII.
1577 1210 1732 1245 WVinfre-

352 1269 429 1308 dus,
460 1267 622 1313 Egburg.
653 1267 826 1310 discipula
862 1266 974 1310 ipsius
1012 1266 1113 1310 epist.
1155 1274 1207 1299 CI.
1267 1265 1378 1300 Varia
1415 1267 1520 1300 etiam
1560 1267 1731 1313 dignitate

354 1337 433 1359 eum
469 1325 679 1368 compellant
694 1331 708 1357 :'
737 1323 882 1363 Missus,
911 1323 966 1356 vel
996 1322 1153 1367 Legatus
1184 1322 1425 1362 Germanicus,
1461 1324 1562 1367 epist.
1603 1333 1729 1358 XCVH.

354 1382 558 1426 Discipulus
593 1381 774 1415 Romanae
803 1381 968 1414 ecclesiae
1001 1380 1102 1423 epist.
1137 1388 1219 1413 XCI.
1244 1378 1365 1414 Abbas
1392 1379 1599 1414 Winfredus
1628 1382 1728 1425 epist.

354 1449 406 1475 CI.
444 1438 741 1482 Archiepiscopus
791 1437 993 1481 provinciae
1039 1436 1259 1475 Germaniae,
1303 1436 1510 1470 Gemmulus
1552 1437 1730 1472 Diaconus

353 1497 455 1541 epist.
495 1503 637 1529 CXLIX.
674 1494 830 1539 Legatus
869 1493 1100 1528 Germanicus
1139 1493 1183 1527 ab
1221 1493 1411 1541 apostolica
1449 1495 1528 1528 sede
1567 1495 1731 1535 directus,

354 1553 504 1598 Pipinus
522 1563 584 1586 rex
602 1552 703 1595 epist.
723 1560 802 1585 CI.1.

403 1610 587 1654 Epistulae
612 1609 700 1642 istae
726 1608 839 1642 editae
865 1611 949 1641 sunt
974 1607 1100 1654 ultima
1125 1606 1187 1640 SS.
1219 1606 1367 1640 Patrum
1398 1606 1636 1642 Bibliothecae
1662 1610 1731 1642 edi-

354 1667 450 1701 tione
471 1677 554 1711 pag.
575 1674 704 1698 LXVII.
731 1665 792 1698 sed
818 1665 879 1698 diu
905 1668 1008 1698 antea
1034 1664 1191 1697 ediderat
1215 1664 1379 1708 notisque
1404 1664 1643 1698 illustraverat
1669 1665 1731 1698 Ni-

355 1724 472 1757 colaus
502 1722 662 1755 Serarius
691 1721 874 1755 Societatis
904 1720 991 1754 Jesu
1020 1720 1214 1765 presbyter,
1246 1721 1303 1754 vir
1338 1721 1428 1764 pius,
1464 1725 1509 1760 et,
1539 1722 1620 1755 licet
1650 1722 1730 1755 Sco-

356 1781 425 1814 tiae
448 1790 545 1812 meae
567 1778 732 1823 injurius,
754 1777 924 1823 juvandis
949 1777 1061 1810 literis
1086 1782 1203 1810 natus.
1257 1777 1333 1810 Has
1357 1777 1519 1820 Illyricus
1537 1777 1730 1812 haereticus

356 1837 522 1881 sacrilege
560 1847 578 1868 e
615 1834 826 1868 bibliotheca
859 1833 1028 1867 Fuldensi
1072 1833 1269 1868 subtractas
1311 1833 1410 1866 foede
1452 1835 1664 1868 laceraverat
1697 1842 1731 1869 et

357 1893 593 1927 mutilaverat.
646 1890 743 1924 Idem
778 1890 938 1924 Serarius
973 1890 1033 1923 lib.
1066 1899 1126 1923 111.
1163 1889 1366 1936 Moguntin.
1405 1894 1490 1924 nota
1527 1899 1611 1924 xvl.
1650 1902 1730 1937 pag.

356 1957 570 1984 CCCCLXVI.
618 1947 680 1988 Et,
706 1952 747 1981 ut
776 1949 883 1981 semel
909 1947 1034 1987 dicam,
1062 1947 1229 1991 epistolae
1259 1947 1364 1987 illius,
1394 1952 1533 1990 praeter
1557 1948 1731 1991 principes

356 2012 392 2041 et
421 2007 579 2051 privatos
608 2005 715 2045 viros,
746 2005 790 2038 ad
824 2004 979 2049 quinque
1018 2003 1197 2048 pontifices
1232 2004 1447 2049 diriguntur,
1483 2005 1613 2037 scilicet
1647 2004 1732 2038 Gre-

356 2064 497 2109 gorium
532 2062 582 2096 ΙΙ.
613 2061 825 2107 Gregorium
856 2060 927 2095 111.
960 2060 1177 2099 Zachariam,
1216 2060 1436 2104 Stephanum
1470 2060 1540 2094 III.
1576 2060 1731 2095 Leonem

359 2120 427 2154 ΙΙΙ.
463 2131 546 2154 nam
584 2119 629 2152 ad
667 2118 885 2162 Stephanum
924 2118 973 2152 II.
1012 2117 1074 2162 qui
1110 2116 1280 2164 Gregorio
1318 2117 1387 2151 ΙΙΙ.
1426 2118 1601 2157 successit,
1639 2118 1732 2162 quod

359 2178 465 2211 biduo
491 2181 630 2211 tantum
656 2175 796 2215 sederit,
821 2186 892 2209 non
919 2175 1069 2219 scripsit,
1095 2175 1149 2208 uti
1175 2185 1238 2208 nec
1264 2174 1307 2207 ad
1334 2174 1486 2208 Paulum
1513 2174 1542 2208 Ι.
1569 2185 1632 2208 nec
1658 2173 1732 2208 Ste-
1767 2210 1771 2214 ,

358 2234 514 2278 phanum
544 2232 609 2267 IV.
639 2243 703 2267 nec
730 2231 952 2272 Adrianum;
988 2236 1029 2265 ut
1063 2231 1218 2275 suspicer
1246 2231 1410 2275 epistolas
1440 2232 1484 2265 ad
1512 2232 1590 2265 illos
1620 2231 1664 2264 ab
1693 2243 1733 2264 eo

358 2292 458 2325 datas
492 2290 677 2325 interiisse.
702 2318 707 2322 .
729 2288 867 2323 Extant
900 2289 1004 2323 etiam
1040 2288 1083 2322 ad
1113 2289 1229 2332 ipsum
1260 2288 1499 2333 responsoriae
1528 2287 1731 2333 pontificum
