2118 2854
382 310 444 339 :354

766 308 998 342 HISTORIA
1023 309 1398 342 ECCLESIASTICA

609 402 663 430 Par
677 401 730 430 tibi
747 401 835 431 Roma
849 402 933 436 nihil,
948 412 1013 431 cum
1028 402 1067 431 sis
1080 411 1167 441 prope
1182 407 1244 431 tota
1257 403 1350 436 ruina,

645 457 741 493 Quam
755 457 852 496 magni
867 458 958 487 fueris
971 458 1094 496 integra,
1109 458 1200 486 fracta
1214 458 1307 487 doces.

605 513 705 552 Longa
718 518 783 542 tuos
797 513 892 543 fastus
905 519 984 543 aetas
999 513 1155 547 destruxit,
1171 519 1201 542 et
1215 524 1294 543 arces

643 569 782 603 Caesaris,
797 574 827 598 et
841 569 977 608 supersim
991 569 1101 608 templa
1115 568 1221 607 palude
1231 570 1339 607 jacent.

606 625 660 654 Ille
674 624 763 658 labor,
776 624 856 655 labor
869 625 920 654 ille
936 625 1006 660 ruit,
1020 635 1106 664 quem
1121 625 1201 654 dirus
1215 625 1329 655 Araxes

642 681 682 710 Et
696 686 821 710 stantem
835 681 965 715 tremuit,
980 686 1010 710 et
1025 680 1160 710 cecidisse
1174 680 1252 710 dolet
1265 692 1273 709 :

602 736 698 771 Quem
712 735 802 774 gladii
817 745 928 774 regum,
942 746 1028 774 quem
1042 736 1161 775 provida
1171 736 1239 774 jura
1253 743 1381 767 senatus,

640 790 738 825 Quem
752 791 849 830 superi
863 801 964 829 regum
979 792 1156 820 constituere
1169 798 1257 830 caput
1269 803 1276 820 z

602 845 699 881 Quem
713 846 804 884 magis
818 846 929 884 optavit
944 856 1010 874 cum
1024 847 1144 875 crimine
1159 847 1236 876 solus
1250 847 1355 876 habere

640 902 755 935 Caesar,
769 910 856 940 quam
870 901 963 930 socius
976 906 1007 930 et
1020 901 1087 940 pius
1101 912 1163 931 esse
1179 912 1275 931 socer:

600 956 660 993 Qui
674 966 804 986 crescens
818 956 923 986 studiis
936 957 1039 991 tribus,
1054 957 1160 992 hostes,
1174 958 1292 991 crimen,
1308 958 1422 990 amicos,

639 1012 677 1041 Vi
692 1012 799 1048 docuit,
814 1013 907 1042 secuit
920 1012 1042 1051 legibus,
1057 1014 1128 1042 emit
1142 1023 1214 1053 ope:

600 1069 634 1098 In
647 1079 734 1108 quem
749 1068 820 1097 dum
834 1068 926 1103 fieret,
940 1068 1073 1107 vigilavit
1086 1079 1155 1098 cura
1169 1070 1306 1108 priorum,

639 1124 659 1153 J
661 1124 725 1153 uvit
738 1134 811 1163 opus
824 1124 927 1163 pietas,
941 1124 1062 1163 hospitis
1076 1125 1155 1154 unda
1169 1125 1263 1154 locum
1276 1138 1284 1160 ;

598 1181 762 1214 Materiam,
777 1180 882 1213 fabros,
896 1189 1038 1219 expensas
1052 1181 1115 1209 axis
1129 1186 1251 1219 uterque

637 1236 731 1270 Misit,
746 1245 776 1265 se
790 1235 880 1264 muris
894 1235 1001 1264 obtulit
1015 1235 1076 1274 ipse
1090 1236 1169 1265 locus
1182 1248 1190 1271 ,-

596 1291 770 1331 Expendere
784 1290 872 1320 duces
886 1290 1043 1326 thesauros,
1058 1291 1119 1321 fata
1132 1292 1268 1326 favorem,

635 1347 773 1376 Artifices
788 1346 928 1380 studium,
943 1352 1023 1376 totus
1036 1352 1066 1376 et
1081 1347 1157 1376 orbis
1171 1358 1248 1386 opes.

595 1403 671 1431 Urbs
685 1402 799 1435 cecidit,
814 1401 850 1430 de
864 1412 921 1440 qua
935 1402 958 1430 si
973 1402 1126 1440 quicquam
1142 1402 1237 1432 dicere
1251 1403 1371 1441 dignum

634 1457 749 1491 Moliar,
764 1457 816 1486 hoc
829 1462 929 1496 potero
943 1457 1048 1492 dicere,
1065 1458 1153 1487 Roma
1168 1459 1235 1488 fuit.

594 1514 660 1542 Non
674 1518 773 1542 tamen
786 1522 926 1541 annorum
941 1513 1038 1547 series,
1053 1523 1110 1542 non
1125 1514 1249 1548 flamma,
1264 1525 1317 1543 nec
1331 1515 1417 1547 ensis,

632 1569 682 1597 Ad
695 1568 816 1607 plenum
831 1568 928 1607 potuit
942 1568 995 1597 hoc
1009 1569 1122 1598 abolere
1136 1569 1241 1598 decus:

593 1626 671 1653 Cura
684 1624 833 1653 hominum
847 1624 944 1663 potuit
958 1629 1071 1653 tantam
1085 1634 1256 1663 componere
1274 1625 1401 1658 Romam,

631 1680 779 1715 Quantam
795 1689 852 1708 non
865 1680 962 1718 potuit
976 1679 1085 1709 solvere
1098 1690 1167 1709 cura
1180 1680 1276 1710 defim.

594 1737 700 1766 Confer
713 1746 795 1775 opus,
810 1745 992 1774 marmorque
1005 1745 1123 1771 novum,
1137 1736 1332 1775 superfimque
1346 1737 1482 1769 favorem,

630 1792 786 1821 Artificum
801 1791 924 1830 vigilent
938 1792 968 1820 in
983 1802 1057 1821 nova
1067 1792 1145 1821 facta
1158 1802 1278 1826 manus;

592 1849 657 1877 Non
671 1853 769 1877 tamen
783 1852 834 1876 aut
848 1846 910 1876 fieri
924 1857 976 1885 par
990 1847 1079 1875 stanti
1094 1847 1226 1875 machina
1241 1857 1332 1880 muro,

628 1905 691 1933 Aut
705 1903 861 1932 restaurari
875 1902 934 1932 sola
946 1902 1031 1931 ruina
1044 1908 1149 1941 potest.

591 1960 649 1989 Hic
663 1960 799 1999 supersim
814 1959 918 1988 formas
932 1958 1030 1998 superi
1043 1959 1185 1987 mirantur
1199 1964 1229 1987 et
1244 1959 1308 1997 ipsi,

628 2016 667 2045 Et
682 2016 804 2054 cupiunt
818 2015 894 2044 fictis
908 2014 1038 2044 vultibus
1051 2024 1113 2043 esse
1127 2024 1217 2053 pares.

590 2072 655 2100 Non
668 2071 765 2110 potuit
779 2076 884 2100 natura
897 2070 965 2099 deos
978 2070 1030 2099 hoc
1044 2081 1091 2099 ore
1106 2080 1211 2103 creare,

629 2127 698 2163 Quo
711 2127 842 2156 miranda
855 2126 942 2156 desim
956 2127 1038 2165 signa
1053 2126 1160 2155 creavit
1172 2126 1264 2155 homo.

588 2184 696 2213 Vultus
710 2183 791 2212 adest
805 2183 850 2212 his
863 2183 1041 2216 numinibus,
1056 2182 1209 2221 potiusque
1224 2181 1358 2210 coluntur

627 2239 782 2268 Artificum
796 2238 902 2273 studio,
917 2248 1003 2277 quam
1018 2238 1126 2267 deitate
1141 2247 1200 2265 sua.

588 2294 664 2323 Urbs
679 2294 759 2327 felix,
774 2293 820 2323 vel
834 2294 857 2322 si
872 2293 996 2323 dominis
1010 2293 1080 2322 urbs
1095 2293 1143 2321 illa
1159 2298 1278 2326 careret,

626 2349 683 2379 Vel
696 2349 819 2379 dominis
833 2354 908 2379 esset
922 2354 1009 2388 turpe
1023 2358 1119 2378 carere
1134 2348 1199 2377 fide.
