2060 2848
688 329 865 364 GENTIS
888 329 1165 370 SCOTORUM,
1190 331 1279 364 LIB.
1304 332 1399 364 XVI.
1676 334 1738 364 547

350 433 388 461 ta
404 426 541 471 synodo
559 425 769 470 Moguntiate
790 424 896 469 jussu
922 424 1096 458 Ludovici
1124 425 1228 471 regis,
1247 426 1360 459 multa
1376 426 1540 459 ecclesiae
1559 426 1661 460 utilia
1678 427 1735 461 (le-

350 483 495 517 crevit.''
545 481 661 515 Error
677 481 786 515 etiam
803 481 861 514 hic
873 481 916 515 -in
941 482 1095 521 nomine,
1121 492 1204 515 nam
1222 480 1411 522 Rabanm,
1435 493 1507 516 non
1525 480 1733 523 Rabbamw,

348 539 482 574 dicitur
504 538 549 572 ab
572 538 752 572 illustriss.
777 537 956 572 Baronio:
980 542 1002 558 ‘⁵
1019 537 1322 584 fulgentissimum
1340 540 1503 573 ecclesiae
1526 539 1656 580 sidus,’¹
1683 551 1735 573 re-

349 595 483 630 ferente
512 594 674 629 Antonio
704 594 900 629 Possevino
925 594 1115 640 Apparatu
1141 594 1237 629 Sacr.
1269 606 1350 642 pag.
1383 604 1465 630 CXI.
1498 596 1619 631 Minor
1649 598 1731 631 anni

347 663 528 692 numerus,
547 662 629 685 nam
648 653 823 697 synodum
847 652 938 686 hanc
955 657 1110 686 coactam
1130 653 1255 686 volunt
1272 663 1366 687 anno
1394 662 1584 687 Deccxvl.
1609 660 1643 688 et
1667 655 1731 699 ipsi

345 710 558 756 gravissime
576 708 687 753 lapsi:
710 709 874 743 conciliat
890 710 1095 750 discordias,
1121 714 1158 744 et
1174 720 1248 743 rem
1267 715 1380 744 totam
1406 711 1625 755 perspicuam
1647 711 1731 745 facit

347 766 517 801 Nicolaus
534 765 697 801 serarius
715 767 775 800 lib.
796 775 821 800 1.
840 766 1166 813 Moguntiacorum‚
1185 772 1221 802 et
1237 766 1483 812 Antiquitates
1502 768 1705 802 Fuldenses.

394 823 515 859 Verba
532 829 617 859 sunt
635 823 828 858 Trithemii
847 825 922 858 loco
943 824 1111 858 ultimum
1134 825 1301 859 laudato:
1328 829 1349 845 “
1367 825 1483 859 Omne
1506 826 1663 860 studium
1687 828 1730 859 ad

345 881 529 916 scientiam
547 881 725 915 convertit
742 880 1027 925 Scripturarum3
1046 882 1083 915 in
1097 882 1194 916 omni
1212 882 1410 916 eruditione
1428 887 1500 916 tam
1520 883 1730 917 secularium

344 949 451 983 quam
487 939 691 973 divinarum
726 938 983 982 scripturarum
1018 939 1122 985 longe
1152 939 1376 973 doctissimus
1406 940 1520 974 evasit
1535 950 1544 979 ς
1577 940 1728 984 philoso-

345 996 438 1040 phus
463 996 590 1036 clarus,
612 999 718 1040 poeta
745 994 907 1040 insignis,
939 995 1062 1029 rhetor
1091 995 1276 1036 facundus,
1307 1000 1541 1036 astronomus,
1572 1003 1606 1031 et
1636 1009 1728 1031 com-

346 1053 482 1097 putista
496 1053 754 1092 celeberrimus,
774 1051 917 1093 Graece,
934 1052 1073 1093 Latine,
1092 1057 1128 1086 et
1147 1052 1321 1086 Hebraico
1339 1053 1484 1096 peritus,
1503 1054 1559 1087 cui
1578 1055 1726 1088 similem

347 1121 412 1143 suo
437 1114 596 1153 tempore
614 1119 686 1143 non
709 1109 835 1142 habuit
853 1110 1015 1143 ecclesia:
1043 1110 1168 1143 deinde
1189 1110 1486 1144 succrescentibus
1504 1111 1650 1150 meritis,
1669 1123 1727 1145 an-

346 1178 393 1201 no
405 1167 537 1201 aetatis
554 1177 639 1201 suae
656 1166 784 1211 quinto
801 1171 837 1201 et
854 1166 1038 1212 trigesimo
1056 1167 1217 1200 omnium
1234 1165 1386 1200 fratrum
1412 1167 1603 1213 suffragio”
1629 1168 1728 1212 (haec

346 1224 436 1258 falsa
453 1236 527 1258 esse
545 1229 696 1269 oportet,
722 1229 758 1258 et
775 1236 796 1258 a
813 1223 994 1258 monachis
1013 1223 1200 1257 Germanis
1224 1223 1384 1269 conficta)
1413 1229 1434 1244 “
1451 1225 1545 1259 illius
1571 1226 1726 1260 coenobii

345 1281 453 1316 abbas
482 1282 615 1316 electus
645 1286 720 1322 θεῖς
748 1286 783 1315 et
812 1281 1014 1325 praesidens
1038 1281 1203 1327 regimini
1224 1282 1326 1315 annis
1348 1286 1503 1326 quatuor
1527 1287 1562 1317 et
1588 1283 1727 1329 viginti,

346 1339 459 1373 multa
477 1343 511 1373 et
530 1350 619 1384 pene
636 1338 775 1373 infinita
797 1349 910 1383 operav
927 1338 1136 1382 conscripsit
1158 1342 1196 1371 et
1223 1338 1417 1372 volumina.
1470 1338 1624 1374 Demum
1649 1346 1727 1385 post

345 1401 496 1431 mortem
515 1396 658 1442 Otgarii
676 1396 965 1442 Moguntinensis
991 1395 1256 1440 archiepiscopi,
1283 1395 1439 1440 ejusdem
1457 1397 1619 1430 ecelesiae
1643 1408 1726 1441 pon-

344 1453 434 1488 tifex
451 1459 674 1488 consecratus
692 1458 757 1493 est,
774 1458 810 1488 et
827 1453 930 1487 annis
948 1463 1075 1486 novem
1093 1453 1130 1486 in
1148 1453 1351 1496 praesulatu
1370 1453 1492 1487 sedens
1511 1455 1623 1488 multa
1637 1454 1726 1488 bona

345 1510 430 1545 fecit
440 1511 634 1545 ecclesiae.”
651 1531 654 1536 ι
669 1510 806 1545 Eadem
819 1512 895 1545 loco
908 1510 1052 1544 laudato
1065 1510 1203 1554 repetit,
1217 1509 1471 1555 subjungitque
1483 1519 1491 1543 ε
1516 1516 1536 1530 “
1551 1511 1567 1544 Ι
1572 1522 1594 1545 n
1609 1523 1728 1545 mona-

345 1568 454 1602 sterio
472 1568 642 1602 Fuldensi
661 1567 776 1602 adhuc
801 1567 945 1613 juvenis
970 1567 1182 1600 monachum
1203 1565 1351 1606 induit,”
1377 1567 1414 1600 in
1439 1567 1587 1612 gloriam
1613 1570 1727 1614 gentis

346 1636 430 1659 suae
454 1625 541 1659 haec
559 1624 662 1659 finxit
681 1624 915 1663 Trithemius‚
946 1628 968 1644 ‘⁶
985 1628 1112 1658 ettam
1137 1623 1295 1657 moribus
1320 1634 1426 1667 quam
1454 1625 1599 1658 scientia
1624 1626 1728 1659 mira-

346 1682 465 1717 biliter
481 1682 656 1727 profecit3
682 1682 777 1717 unde
795 1686 831 1716 et
847 1685 996 1726 quartus
1014 1681 1172 1726 ejusdem
1196 1681 1352 1714 coenobii
1371 1681 1477 1715 abbas
1494 1689 1726 1723 consecratus,

344 1740 470 1774 ovibus
488 1740 556 1774 sibi
573 1740 770 1774 commissis
789 1739 896 1774 verbo
914 1744 950 1773 et
967 1739 1128 1782 exemplo
1145 1746 1262 1772 xxxv.
1281 1738 1383 1772 annis
1401 1738 1565 1783 praefuit,
1588 1745 1621 1774 et
1641 1751 1727 1784 pene

346 1797 485 1831 infinita
502 1798 678 1841 opuscula·
688 1797 946 1841 scripturarum
973 1796 1181 1839 composuit.
1234 1795 1393 1829 Tandem
1420 1795 1573 1830 offensus
1599 1797 1729 1842 impro-

346 1855 457 1889 bitate
475 1854 729 1888 monachorum
747 1864 904 1891 suorum,
922 1853 983 1896 qui
1002 1863 1083 1886 eum
1106 1852 1268 1886 dicebant
1291 1852 1441 1886 nimium
1467 1853 1650 1897 scripturis
1677 1855 1729 1887 in-

345 1916 485 1945 tentum
510 1910 719 1954 temporalia
746 1910 936 1956 negligere,
962 1914 1087 1955 agente
1105 1909 1142 1943 id
1159 1910 1196 1943 in
1213 1911 1264 1943 eis
1282 1908 1442 1949 Diabolo,
1470 1910 1725 1953 displicentiam

345 1973 468 2002 contra
498 1978 580 2003 eum
615 1971 836 2011 acceperunt,
866 1966 1094 2000 scandalizati
1124 1966 1162 2000 in
1188 1977 1229 2000 eo
1256 1976 1327 2010 quo
1355 1966 1507 2000 maxime
1533 1966 1726 2002 debuerant

345 2025 531 2060 aedificari.
567 2025 667 2058 Dans
682 2025 793 2070 igitur
804 2024 917 2057 locum
932 2024 1014 2062 irae,
1032 2034 1096 2057 nec
1108 2034 1188 2057 cum
1200 2023 1350 2068 ingratis
1364 2023 1490 2056 ovibus
1503 2023 1637 2057 diutius
1653 2035 1724 2058 ma-

345 2094 427 2117 nere
445 2082 677 2120 consentiens,
703 2080 955 2115 monasterium
976 2085 1011 2114 et
1029 2080 1243 2114 habitatores
1262 2081 1338 2125 eJus
1355 2080 1520 2119 deseruit,
1538 2085 1573 2113 et
1591 2081 1634 2114 ad
1654 2080 1726 2115 Lu-

345 2140 508 2173 dovicum
528 2139 774 2183 imperatorem
793 2137 906 2171 filium
924 2136 1040 2171 Caroli
1059 2137 1339 2182 transmigravit,
1366 2147 1446 2170 curn
1463 2147 1534 2181 quo
1552 2142 1586 2171 et
1605 2139 1726 2173 multis

346 2197 470 2231 diebus
494 2195 698 2240 permansit.
750 2194 917 2228 Monachi
936 2198 1054 2228 autem
1078 2194 1296 2238 poenitentia
1321 2194 1429 2233 ducti,
1447 2191 1658 2239 legationem
1682 2197 1725 2229 ad

347 2265 427 2288 eum
448 2254 629 2288 mittentes
647 2251 820 2297 rogabant
838 2255 880 2284 ut
897 2251 1026 2284 rediret
1043 2251 1087 2284 ad
1105 2251 1368 2290 monasterium,
1397 2250 1456 2284 sed
1475 2261 1545 2284 non
1562 2252 1728 2296 impetra-

347 2315 442 2345 runt.
495 2310 631 2344 Mansit
658 2320 742 2354 ergo
759 2319 839 2342 cum
866 2308 1076 2351 imperatore
1099 2318 1212 2351 usque
1236 2306 1279 2340 ad
1306 2312 1454 2340 mortem
1483 2307 1622 2352 Otgnrii
1651 2308 1726 2342 Mo-

346 2367 571 2414 guntinensis
589 2365 854 2410 archiepiscopi,
870 2364 907 2398 in
926 2364 1028 2408 cujus
1047 2364 1161 2398 locum
1181 2363 1380 2397 suffectus.'’

395 2424 544 2470 Scripsit
563 2428 679 2457 autem
