2060 2848
395 309 460 343 522
778 310 1013 346 HISTORIA
1037 312 1415 346 ECCLESIASTICA
1437 318 1440 321 “

395 418 468 441 non
499 404 715 447 Hibernum,
743 417 860 452 neque
886 407 1030 443 Gallum
1057 408 1256 443 Britonem.
1309 407 1352 441 Id
1378 408 1525 453 quidam
1551 409 1597 443 ad
1623 407 1797 454 Angliam

397 463 569 506 referunt,
593 469 629 499 et
655 465 694 499 in
719 465 776 499 his
801 465 1002 500 Gulielmus
1030 465 1232 500 Camdenus
1258 466 1296 499 in
1325 465 1514 501 Britannia
1539 477 1621 512 pag.
1641 475 1796 501 nxxiv.

396 522 530 556 Scribit
557 522 595 556 in
622 521 727 557 Valle
756 522 893 557 Rosina
919 523 987 558 sub
1015 522 1189 569 Verginio
1221 524 1467 568 promontorio
1496 525 1592 570 apud
1619 523 1797 562 Dimetas,-

395 580 505 626 vulgo
518 577 794 620 Pembrokekill,
808 584 934 615 natum
948 591 1042 621 esse3
1058 581 1119 614 sed
1131 592 1210 615 cum
1223 585 1341 615 careat
1353 581 1490 616 idoneis
1504 582 1721 622 auctoribus,
1734 581 1799 627 fig·

398 638 510 671 menti
536 638 612 672 loco
637 648 660 671 a
684 647 742 672 me
766 638 803 672 id
829 638 1030 672 habebitur.
1083 637 1333 672 Indifferenter
1359 638 1505 673 Floren.
1530 639 1795 685 VVigorniensis

395 695 441 729 ad
466 704 600 729 annum
628 703 817 729 CCCXCIV.
847 699 869 715 ‘⁶
886 695 923 729 S.
953 694 1132 729 Patricius
1158 696 1318 729 nascitur
1344 696 1384 730 in
1409 695 1604 731 Britannia
1628 706 1674 730 ex
1696 700 1797 740 patre

395 751 618 797 calphurnio
638 753 794 792 nomine,
812 753 883 797 {qui
909 751 1097 796 presbyter
1121 751 1203 792 fuit,
1230 752 1326 787 filius
1350 753 1491 787 diaconi
1515 754 1659 788 nomine
1676 753 1796 787 Fodit.

394 808 515 844 Mater
528 814 647 844 autem
662 813 740 843 erat
757 809 904 843 Patricii
923 808 1095 848 Conches,
1113 819 1214 843 soror
1231 808 1268 842 S.
1287 808 1439 843 Martini
1457 810 1501 845 de
1518 810 1645 845 Gallia.
1680 810 1797 845 Patri-

394 867 469 901 cius
487 867 525 900 in
543 867 721 911 baptismo
738 864 855 900 dictus
873 870 928 900 est
944 865 1064 905 Sucat‚
1083 877 1105 899 a
1121 865 1157 899 S.
1178 865 1358 900 Germano
1377 866 1583 913 Magonius,
1610 878 1631 901 a
1658 866 1798 901 Coeles·

394 924 471 958 tino
492 933 585 969 papa
603 923 795 964 Patricius,
821 923 857 957 id
884 927 951 963 est,
974 927 1077 967 pater
1102 923 1275 958 civium.'’
1329 922 1557 969 Explicatius
1583 929 1619 959 et
1644 924 1799 959 lucidius

394 981 434 1015 M
438 982 529 1016 atth.
544 981 940 1016 Westmonasteriensis
952 980 1087 1015 Florib.
1104 980 1298 1015 Historiar.
1319 985 1341 1000 “
1355 980 1495 1015 Eodem
1506 981 1569 1016 illo
1582 992 1676 1016 anno
1690 980 1797 1016 Sanc-

393 1045 452 1074 tus
472 1039 650 1074 Patricius
668 1039 795 1073 Scotus
814 1039 936 1073 eodem
955 1042 1115 1083 tempore
1133 1038 1171 1071 in
1197 1037 1413 1073 Hiberniam
1440 1039 1611 1075 venditur
1636 1050 1717 1073 cum
1743 1049 1797 1073 so-

393 1098 535 1132 roribus
549 1097 659 1131 suis.’'
693 1096 783 1130 Mox
801 1096 895 1131 idem
913 1096 1059 1137 delirus,
1080 1100 1115 1130 et
1132 1096 1189 1129 sui
1207 1095 1351 1136 oblituS‚
1370 1097 1486 1131 multa
1504 1096 1676 1145 figmenta
1689 1106 1797 1141 super

394 1167 434 1190 eo
453 1155 615 1201 congerit
631 1155 676 1188 ad
694 1164 829 1188 annum
844 1161 1044 1188 ccccxcv.
1062 1163 1144 1187 nam
1164 1156 1199 1187 ct
1214 1161 1257 1186 11.
1277 1152 1474 1188 Hiberniae
1489 1154 1795 1198 archiepiscopum

394 1212 530 1252 scribit,
549 1222 629 1246 cum
649 1215 732 1245 ante
750 1222 832 1245 eum
850 1221 965 1256 neque
987 1210 1271 1255 archiepiscopus
1298 1222 1414 1256 neque
1440 1211 1638 1246 Christiani
1665 1211 1731 1245 ulli
1754 1222 1796 1244 ea

394 1271 432 1305 in
450 1271 568 1304 insula
586 1273 720 1304 essent:
740 1268 867 1302 deinde
886 1277 954 1302 XL.
977 1268 1081 1302 annis
1105 1272 1246 1302 tantum
1270 1268 1546 1313 praedicationis
1572 1279 1705 1303 munus
1730 1268 1795 1302 im·

392 1328 559 1372 plevisse,
582 1336 663 1361 cum
689 1326 851 1360 omnium
877 1330 1064 1360 auctorum
1090 1334 1266 1359 consensu
1291 1330 1431 1360 constet
1459 1335 1527 1360 Lx.
1557 1336 1670 1360 annos
1700 1328 1795 1360 totos

393 1386 432 1419 in
454 1389 577 1419 sancto
592 1384 656 1418 -illo
674 1383 844 1428 obsequio
861 1392 943 1418 eum
962 1384 1171 1418 collocasse:
1197 1394 1300 1430 reges
1326 1389 1462 1429 septem
1488 1385 1715 1430 baptIsmatis
1740 1395 1796 1419 sa-

394 1453 454 1477 cro
478 1441 579 1477 fonte
606 1441 772 1476 abluisse.
825 1439 1034 1475 Ridiculum
1057 1451 1156 1481 sane,
1175 1452 1256 1475 cum
1283 1440 1525 1486 antiquissimi
1551 1441 1669 1488 gentis
1697 1441 1794 1476 illius

395 1501 540 1535 annales
574 1499 751 1545 principio
785 1499 946 1544 quinque
980 1502 1123 1532 tantum
1158 1498 1288 1534 fratres
1322 1499 1479 1534 insulam
1508 1500 1604 1534 inter
1636 1511 1674 1534 se
1700 1499 1795 1534 divio

394 1559 493 1599 sisse,
513 1561 724 1592 non-autem
743 1561 892 1601 septem,
910 1560 1124 1596 asseverent,
1142 1557 1204 1601 qui
1223 1566 1346 1591 omnes
1371 1557 1440 1591 sub
1460 1557 1569 1591 unius
1591 1557 1794 1602 imperiiet

394 1615 497 1662 regni
515 1625 644 1660 corpus
662 1613 869 1648 coaluerint.
922 1612 1276 1657 Posteatpudendum
1295 1613 1385 1648 illud
1402 1614 1445 1648 de
1463 1613 1499 1648 S.
1521 1614 1682 1648 Palladio
1699 1624 1793 1649 com-

396 1677 556 1708 mentum
575 1673 699 1718 ponit:
719 1675 741 1692 “
758 1669 855 1706 Dum
876 1670 1053 1705 Patricius
1073 1670 1209 1705 Romae
1226 1676 1438 1711 moraretur,
1455 1671 1586 1706 missus
1604 1676 1658 1706 est
1677 1671 1793 1706 Palla-

395 1732 476 1766 dius
495 1731 680 1776 episcopus
694 1741 715 1763 a
728 1729 829 1774 Papa
846 1727 1048 1764 Coelestino
1065 1729 1110 1763 ad
1124 1728 1247 1763 Scotos
1259 1729 1305 1763 ad
1320 1728 1506 1762 Christum
1523 1730 1792 1768 convertendos,

395 1789 457 1834 qui
484 1789 601 1834 primo
625 1787 773 1822 verbum
797 1786 866 1820 Dei
892 1787 931 1821 in
956 1785 1075 1821 Scotia
1096 1786 1315 1831 praedicans,
1342 1786 1486 1820 tandem
1504 1786 1543 1820 in
1562 1786 1792 1821 Britanniam

394 1847 569 1891 pervenit,
587 1850 623 1879 et
639 1845 678 1878 in
695 1850 791 1880 terra
808 1843 991 1878 Pictorum
1006 1843 1196 1878 defunctus
1209 1847 1285 1884 est;
1304 1843 1431 1877 deinde
1445 1843 1570 1877 audita
1580 1848 1696 1877 morte
1710 1842 1792 1877 Pal-

396 1905 492 1945 ladii,
505 1903 683 1938 Patricius
698 1900 901 1936 Theodosio
918 1907 954 1936 et
971 1900 1226 1936 Valentiniano
1243 1901 1502 1945 imperantibus
1516 1911 1539 1934 a
1552 1899 1652 1945 Papa
1668 1900 1790 1935 Coele-

397 1962 492 1996 stino
510 1961 555 1995 ad
574 1966 693 2005 partes
710 1960 874 1994 occiduas
897 1959 1027 1993 missus
1054 1959 1140 1993 est.’'
1192 1958 1326 1992 Omnia
1350 1957 1586 2003 impurissimi
1612 1958 1789 1992 mendacii

395 2021 511 2064 plena.
556 2018 651 2052 Nam
670 2018 852 2052 Palladius
870 2017 912 2051 ad
932 2016 1056 2051 Scotos
1068 2017 1146 2063 jam
1165 2026 1352 2050 conversos
1370 2019 1426 2050 est
1442 2016 1585 2057 missus,
1599 2021 1639 2050 et
1649 2016 1791 2050 creden-

396 2082 460 2118 tes,
483 2088 555 2111 non
573 2075 839 2115 convertendos,
858 2074 912 2109 uti
931 2085 1040 2119 supra
1056 2075 1178 2119 plene3
1198 2073 1325 2108 deinde
1342 2074 1381 2107 in
1392 2073 1632 2114 Britanniam,
1644 2073 1712 2108 hoc
1725 2078 1790 2114 est,

397 2134 580 2180 Angliam,
609 2143 692 2167 eum
721 2136 935 2177 penetrasse,
960 2131 1204 2171 falsissimum,
1230 2136 1312 2176 post
1338 2135 1543 2176 susceptum
1568 2131 1676 2165 semel
1694 2131 1788 2175 apud

397 2192 520 2225 Scotos
545 2191 693 2225 docendi
721 2200 864 2224 munus.
921 2188 1016 2223 Illud
1041 2194 1202 2223 amenter
1229 2189 1335 2224 etiam
1363 2188 1563 2229 confictum,
1587 2188 1787 2222 Palladium

399 2250 436 2282 in
454 2254 550 2283 terra
568 2248 752 2282 Pictorum
770 2248 846 2282 vita
863 2247 1038 2287 functum,
1057 2258 1138 2281 cum
1157 2246 1318 2281 Forduni
1331 2246 1461 2281 obierit
1477 2246 1608 2291 oppido
1625 2245 1789 2280 Merniae

398 2307 435 2341 in
453 2305 583 2346 Scotia,
601 2310 643 2339 ut
659 2304 820 2339 ostendi:
845 2304 912 2339 hoc
929 2304 1037 2339 etiam
1060 2304 1260 2349 imperitiae
1277 2309 1314 2340 ct
1337 2303 1575 2350 ignorantiae,
1590 2302 1788 2337 Patricium

396 2374 631 2398 successorem
644 2363 861 2397 destinatum
873 2362 1045 2403 Palladio,
1053 2361 1297 2396 Valentiniani
1309 2361 1468 2405 imperio,
1480 2370 1560 2394 cum
1572 2361 1696 2395 multis
1707 2366 1787 2405 post

398 2431 478 2456 eum
502 2421 604 2454 annis
632 2420 813 2454 Palladius
831 2420 869 2454 in
886 2419 1039 2454 Scotiam
1059 2418 1168 2453 fuerit
1188 2419 1331 2458 missus,
1349 2416 1482 2452 scilicet
1501 2417 1567 2452 sub
1585 2416 1787 2452 Theodosio
