2060 2848
671 337 846 370 GENTIS
870 336 1146 377 SCOTORUM,
1172 338 1260 371 LIB.
1287 339 1364 371 XV.
1643 341 1726 372 *517

335 433 391 467 nis
408 442 514 467 causa
530 429 800 471 confluentibus,
818 432 875 465 vel
898 431 964 465 hac
985 436 1109 465 nostra
1134 435 1249 466 aetate
1274 433 1505 472 venerandae,
1531 434 1722 467 ostendun-

336 494 407 523 tur.
460 487 536 521 Has
553 487 770 521 VVilhelmus
788 487 962 527 Schewes,
985 487 1021 522 S.
1039 487 1205 521 Andreae
1231 489 1316 522 olim
1341 489 1637 533 archiepiscopus,
1664 491 1719 523 vir

333 546 568 590 undequaque
584 544 758 584 eruditus,
776 544 920 578 effossas
937 544 1047 578 humo
1064 545 1187 578 multis
1210 545 1280 589 piis
1305 545 1570 588 precationibus
1598 547 1722 580 solem-

334 602 441 646 nique
458 605 633 646 apparatu
650 600 688 634 in
707 601 886 645 capsulam
905 606 1110 647 argenteam
1127 600 1318 635 honorifice
1335 602 1530 642 collocavit,
1550 611 1603 636 1v.
1628 613 1720 636 anno

333 663 414 703 post
427 658 563 692 Christi
574 658 766 692 adventum
784 658 820 691 in
832 669 973 692 carnem
989 669 1097 703 supra
1108 660 1378 705 nonagesimum
1394 660 1621 694 millesimum
1636 671 1720 704 qua-

332 721 388 751 ter
404 716 668 750 centesimum.’'
719 714 815 754 Quid
833 715 948 749 aversi
966 727 987 749 a
1004 726 1123 750 rerum
1141 720 1344 750 nostrarum
1357 717 1472 762 gloria
1485 716 1596 763 Angli
1615 727 1720 761 super

333 773 399 807 hoc
412 774 489 817 ipso
502 784 667 806 censuere
677 772 695 805 ἶ)
740 771 839 806 Idem
852 773 967 817 plane,
981 777 1016 807 et
1027 773 1206 816 potentior
1218 774 1299 807 odio
1312 773 1383 807 fuit
1397 774 1540 808 veritas.
1586 774 1717 807 Matth.

331 829 684 864 westmonasterien.
699 840 792 863 anno
803 837 1056 863 ceccxxvnl.
1070 830 1108 863 in
1120 829 1286 864 Floribus
1300 830 1492 864 Historiar.
1521 836 1542 851 “
1554 830 1667 864 Scotis
1680 831 1717 863 in

332 887 516 921 Christum
550 885 773 920 credentibus
807 886 992 919 ordinatus
1023 896 1046 919 a
1075 885 1174 930 Papa
1203 886 1402 920 Coelestino
1438 887 1617 920 Palladius
1647 887 1719 931 pri-

331 955 411 978 mus
429 943 624 988 episcopus,
639 942 769 976 ibidem
784 943 973 976 mittitur.''
1008 942 1165 976 Florent.
1181 942 1442 988 &Vigorniensis
1462 954 1554 977 anno
1573 952 1715 977 enxxr.

332 1006 354 1021 “
378 1000 438 1034 Ad
468 999 590 1034 Scotos
622 1000 660 1033 in
690 999 875 1033 Christum
908 999 1088 1033 credentes
1122 999 1308 1033 ordinatus
1338 1011 1359 1033 a
1388 999 1487 1044 Papa
1517 1000 1716 1034 Coelestino

331 1057 512 1091 Palladius
540 1056 676 1101 primus
704 1056 889 1100 episcopus
917 1056 1047 1089 missus
1076 1059 1141 1095 est,
1171 1059 1252 1099 post
1277 1055 1395 1099 ipsum
1421 1055 1572 1090 Sanctus
1600 1056 1716 1090 Patri-

330 1113 438 1147 cius.''

378 1170 476 1204 Rara
510 1169 618 1215 hujus
650 1169 794 1214 pietatis
828 1173 1039 1215 argumenta
1074 1169 1217 1202 annales
1248 1167 1440 1215 Anglicani
1470 1170 1648 1210 exhibent,
1681 1175 1715 1204 et

328 1238 412 1272 prae
430 1227 508 1261 aliis
526 1226 691 1271 Polydor.
708 1226 883 1273 Virgilius
901 1226 963 1260 lib.
981 1234 1042 1259 111.
1062 1225 1200 1260 Histor.
1218 1225 1359 1272 Anglic.
1382 1237 1463 1272 pag.
1484 1236 1568 1261 LIX.
1596 1232 1617 1247 “
1636 1227 1715 1261 Pal-

329 1285 454 1324 ladius,
472 1284 579 1318 homo
596 1283 721 1323 bonus,
746 1287 883 1329 gratus,
909 1283 1002 1327 pius,
1030 1287 1065 1317 et
1090 1283 1216 1327 plenus
1234 1282 1349 1323 officii,
1375 1284 1461 1317 dum
1480 1285 1574 1328 apud
1592 1284 1713 1319 Scotos

327 1345 415 1380 erat,
437 1340 601 1374 omnibus
626 1340 788 1384 precibus
816 1339 1024 1373 dehortatus
1054 1344 1107 1374 est
1133 1339 1409 1374 Constantinum
1440 1352 1570 1387 regem,
1601 1346 1643 1375 ut
1670 1353 1713 1374 ne

308 1392 311 1395 ’
328 1398 433 1432 vellet
452 1396 589 1442 Anglos
611 1396 780 1436 Saxones,
805 1400 947 1442 gentem
965 1396 1124 1440 impiam,
1143 1397 1251 1430 armis
1264 1397 1405 1442 juvare,
1429 1403 1552 1432 contra
1569 1398 1714 1432 Britan-

327 1465 402 1494 nos,
420 1454 581 1487 homines
598 1453 831 1492 Christianos,
850 1453 992 1497 quando
1008 1458 1127 1497 posset
1149 1458 1244 1487 certo
1270 1454 1358 1488 scire
1383 1466 1506 1488 eorum
1531 1455 1710 1489 calamita-

328 1517 399 1545 tem
418 1521 498 1545 cum
516 1521 582 1544 sua
598 1510 789 1554 aliquando
805 1508 882 1543 fore
899 1510 1136 1555 conjunctam,
1154 1521 1234 1545 cum
1251 1511 1339 1545 satis
1355 1516 1533 1546 constaret
1546 1512 1625 1545 illos
1639 1523 1710 1545 non

327 1568 525 1607 Scotorum,
559 1577 632 1601 non
665 1566 850 1601 Pictorum
884 1567 1088 1606 amicitiam,
1123 1567 1184 1601 sed
1213 1567 1325 1601 totius
1356 1567 1492 1601 insulae
1522 1569 1711 1612 imperium

326 1635 505 1670 quaerere,
531 1634 620 1658 neve
642 1624 838 1657 alienorum
855 1623 999 1657 nomine
1016 1634 1053 1657 se
1071 1628 1177 1668 atque
1194 1635 1278 1658 suos
1297 1625 1401 1658 toties
1424 1635 1599 1669 opponere
1620 1625 1710 1669 peri-

325 1683 405 1716 culo
422 1682 515 1721 belli,
533 1682 636 1727 cujus
653 1680 754 1714 exitu
771 1680 861 1714 nihil
879 1680 1048 1714 incertius
1067 1681 1190 1715 esset.’'
1242 1680 1349 1715 Paria
1367 1681 1439 1715 alii.

376 1738 513 1773 Contra
536 1738 631 1771 hunc
656 1742 731 1771 tam
753 1741 890 1771 certum
915 1737 1097 1771 annalium
1120 1737 1309 1772 Scotorum
1334 1737 1606 1783 Anglorumque
1631 1750 1710 1773 con-

326 1806 480 1834 sensum,
497 1800 533 1829 et
546 1799 679 1839 septem
693 1794 1024 1838 probatissimorum
1039 1798 1199 1829 veterum
1213 1795 1427 1834 testimonia,
1441 1795 1599 1829 insaniae
1616 1806 1709 1829 sum·

325 1864 403 1886 mae
430 1862 504 1885 esse
530 1851 652 1897 judico
679 1851 856 1890 reluctari,
889 1855 925 1884 et
951 1855 1071 1885 tamen
1101 1852 1233 1895 reperti
1261 1855 1345 1884 sunt
1375 1851 1468 1885 inter
1497 1853 1707 1886 recentiores

325 1910 416 1943 male
445 1908 563 1942 feriati
597 1907 743 1952 quidam
776 1907 947 1947 homines,
982 1907 1044 1952 qui
1074 1906 1315 1941 Christianam
1345 1908 1513 1952 pietatem
1544 1908 1657 1943 Scotis
1687 1921 1707 1941 a

326 1965 486 1999 Palladio
508 1965 664 2009 primum
689 1974 887 1997 concessam
915 1964 993 1997 ausi
1019 1964 1092 1998 sint
1117 1964 1309 2008 scripsisse.
1360 1964 1628 2010 Antesignanus
1654 1971 1707 2000 est

324 2022 434 2067 hujus
447 2021 655 2055 temerariae
668 2020 823 2055 cohortis
841 2020 1008 2064 Baptista
1021 2020 1163 2054 Platina
1180 2021 1218 2054 in
1236 2021 1312 2055 vita
1329 2020 1519 2055 Coelestini
1534 2031 1542 2055 ε
1563 2026 1585 2041 “
1602 2020 1706 2056 Misit

326 2080 371 2113 ad
400 2078 522 2112 Scotos
548 2077 684 2111 Christi
710 2076 814 2110 fidem
840 2081 1003 2121 optantes
1030 2076 1241 2116 Palladium,
1266 2088 1373 2121 quem
1400 2077 1475 2122 ipse
1502 2078 1706 2123 episcopum

326 2135 537 2169 creaverat.’'
606 2133 714 2167 Hunc
755 2138 895 2167 secutus
938 2132 1188 2167 Ethelwerdus
1228 2133 1433 2168 Chronicor.
1467 2135 1527 2169 lib.
1563 2144 1588 2169 1.
1623 2145 1704 2182 pag.

326 2199 572 2226 CCCCLXXIV.
599 2191 652 2224 illi
678 2191 715 2224 in
737 2190 856 2224 eadem
875 2189 1042 2224 falsitatis
1059 2190 1224 2234 opinione
1241 2191 1396 2225 succedit
1414 2190 1579 2237 Ingulfus
1596 2192 1703 2227 abbas

326 2248 612 2293 Croylandiensis
630 2248 668 2280 in
686 2246 884 2280 Chronico:
912 2250 933 2265 “
951 2245 1058 2286 Scoti,
1084 2247 1192 2280 misso
1214 2259 1236 2280 a
1252 2246 1453 2282 Coelestino
1476 2259 1568 2293 papa
1590 2247 1704 2296 Palla-

325 2306 395 2345 dio,
407 2304 510 2339 fidem
524 2304 765 2338 Christianam
779 2302 1010 2347 suscipiunt.'’
1047 2302 1108 2336 Ab
1120 2303 1188 2343 his,
1202 2309 1244 2338 ut
1257 2308 1355 2348 puto,
1376 2304 1512 2348 pridem
1525 2305 1704 2349 deceptus,

325 2361 532 2406 Alphonsus
562 2361 749 2395 Ciaconius
780 2361 817 2393 in
841 2360 962 2393 eodem
988 2359 1207 2394 Coelestino:
1235 2365 1256 2380 “
1274 2360 1456 2394 Palladius
1481 2361 1566 2395 item
1591 2362 1705 2408 diaco-

325 2430 393 2453 nus
415 2418 459 2452 ad
484 2418 707 2453 Britanniam
731 2417 896 2457 directim,
919 2420 1041 2462 postea
1067 2416 1111 2450 ad
1137 2416 1269 2458 Scotos,
1296 2417 1356 2462 qui
1384 2428 1427 2451 ex
1444 2417 1591 2453 diacono
1609 2429 1702 2454 στεα-

984 2475 1005 2506 2
1024 2481 1046 2506 C
