2060 2848
433 659 935 715 HISTORIAE
978 660 1744 718 ECCLESIASTICAE

724 763 1006 812 GENTIS
1044 763 1446 812 SCOTORUM

924 879 1110 919 LIBER
1139 880 1262 920 XIII.

864 1035 900 1070 S.
928 1034 1170 1070 NENNIUS.
1224 1036 1308 1072 950.

389 1137 424 1171 S.
453 1137 658 1175 NENNlUS,
684 1146 729 1169 ex
756 1135 881 1179 primis
908 1134 1047 1168 Scotiae
1073 1133 1278 1167 doctoribus
1305 1134 1367 1178 qui
1394 1134 1531 1169 labores
1558 1146 1622 1179 pro
1649 1134 1784 1170 Christi

388 1205 494 1228 causa
519 1195 717 1234 subierunt,
746 1193 946 1226 insularum
972 1191 1065 1225 circa
1091 1189 1246 1224 Scotiam
1272 1192 1466 1235 apostolus,
1493 1203 1582 1236 quas
1608 1194 1783 1238 evangelii

388 1251 522 1284 lumine
549 1250 754 1289 illustravit,
781 1249 903 1282 eodem
930 1259 1041 1292 paene
1068 1252 1226 1291 tempore
1252 1259 1324 1292 quo
1350 1248 1388 1282 in
1405 1248 1579 1294 Angliam
1604 1248 1640 1282 S.
1669 1250 1737 1283 viri
1765 1262 1784 1284 e

388 1308 505 1342 Scotia
523 1308 671 1352 profecti
691 1307 770 1340 fidei
789 1307 925 1340 semina
943 1306 980 1339 in
998 1317 1039 1339 ea
1056 1309 1162 1350 gente
1184 1310 1392 1349 sparserunt
1408 1315 1418 1345 3
1446 1306 1623 1350 siquidem
1642 1306 1678 1340 S.
1698 1307 1784 1341 Fin-

387 1377 512 1405 nanus,
544 1366 586 1398 de
616 1376 687 1409 quo
717 1375 827 1408 supra
857 1363 924 1397 hoc
955 1374 1059 1407 opere
1090 1362 1151 1395 lib.
1187 1370 1239 1395 VI.
1275 1362 1413 1406 primus
1452 1362 1782 1398 Northumbrorum

386 1423 578 1466 apostolus,
605 1427 641 1455 et
668 1421 957 1455 Lindisfarorum
985 1420 1170 1464 episcopus
1199 1419 1349 1463 primus,
1380 1430 1424 1453 ex
1454 1420 1532 1466 ejus
1558 1420 1678 1455 schola
1703 1433 1783 1466 pro-

386 1480 463 1515 diit.
519 1479 627 1513 Hunc
644 1484 686 1513 ut
703 1484 866 1513 sanctum
888 1482 1065 1512 nostrates
1092 1477 1263 1517 colebant,
1295 1477 1355 1510 sed
1382 1477 1420 1511 in
1446 1478 1545 1511 nullo
1571 1479 1782 1523 martyrolo-

384 1538 444 1583 gio
462 1538 678 1571 mentionem
697 1536 923 1581 deprehendi.
960 1534 1076 1568 Nemo
1090 1545 1131 1568 eo
1148 1534 1210 1568 illa
1227 1539 1439 1579 tempestate
1456 1536 1560 1580 plura
1578 1536 1780 1580 scripserat,

385 1594 445 1627 sed
463 1593 566 1637 pauci
584 1604 731 1637 operum
749 1592 969 1636 superstites.

533 1650 588 1684 De
606 1650 756 1696 Origine
773 1649 1032 1683 Britannorum
1278 1649 1338 1683 lib.
1359 1658 1384 1683 1.

532 1707 587 1741 De
605 1707 759 1742 Vatibus
776 1707 970 1741 eorundem
1274 1707 1334 1741 lib.
1356 1716 1380 1740 1.

531 1765 702 1811 Elogium
719 1764 931 1798 Britanniae
1272 1764 1333 1798 lib.
1354 1773 1379 1798 Ι.

533 1822 814 1867 Cosmographia
833 1821 1016 1855 Historiae
1035 1820 1166 1855 Mundi
1272 1822 1333 1855 lib.
1354 1830 1379 1855 1.

431 1880 533 1914 Obiit
550 1880 588 1913 in
606 1879 732 1913 insulis
753 1875 984 1919 Hebridibus',
1007 1878 1085 1924 jam
1109 1878 1205 1913 enim
1223 1878 1380 1913 Orcades
1399 1884 1435 1914 et
1453 1879 1630 1914 Acmodes
1649 1881 1775 1914 lustra-

381 1942 481 1972 verat
498 1948 591 1971 anno
611 1945 736 1971 DCXX.

863 2042 898 2077 S.
927 2041 1157 2077 NEUHAL.
1211 2045 1295 2081 951.

381 2153 418 2184 S.
438 2150 560 2184 Abbas
578 2150 735 2195 quidam,
756 2155 797 2184 ut
822 2154 922 2194 puto,
949 2162 1148 2195 anonymus
1175 2150 1217 2184 de
1245 2150 1387 2185 Neuhal
1414 2153 1640 2193 monasterio,
1669 2158 1690 2173 ‘¹
1707 2165 1772 2198 pro

380 2209 524 2242 Christo
551 2208 702 2241 cervices
728 2207 857 2247 dedit‚”
883 2209 934 2242 ait
961 2207 1130 2242 Nicolaus
1161 2208 1340 2242 Sanderus
1366 2208 1426 2243 lib.
1456 2217 1527 2243 vn.
1554 2210 1597 2244 de
1628 2209 1770 2246 Visibili

381 2265 600 2299 Monarchia.
653 2265 733 2304 Quo
751 2265 807 2298 die
825 2270 965 2310 martyr
982 2266 1039 2299 hic
1057 2266 1206 2306 colatur,
1235 2277 1306 2299 non
1325 2265 1447 2299 inveni
1462 2276 1472 2306 3
1501 2278 1583 2300 nam
1602 2267 1696 2302 inter
1713 2280 1771 2303 eos

380 2328 518 2357 sanctos
537 2334 688 2367 quorum
707 2323 842 2356 natales
860 2323 997 2362 incerti,
1016 2334 1097 2356 eum
1116 2323 1257 2367 reponit
1274 2322 1458 2357 Arnoldus
1480 2323 1601 2358 Uvion
1627 2325 1687 2359 lib.
1709 2335 1768 2360 111.

381 2392 461 2426 pag.
487 2389 677 2414 ccccvnI.
731 2379 872 2424 Scripta
889 2380 1010 2414 omnia
1027 2381 1253 2415 interierunt.
1305 2380 1385 2420 Quo
1413 2385 1570 2426 tempore
1597 2381 1768 2424 floruerit,

378 2450 449 2473 non
467 2438 693 2483 deprehendi,
713 2449 793 2472 cum
812 2438 864 2471 illi
883 2442 1032 2472 taceant.
