2060 2848
398 293 462 323 612
782 293 1016 327 HISTORIA
1039 294 1415 328 ECCLESIASTICA

403 388 491 421 litur
507 388 595 422 inibi
614 389 784 423 memoria
800 400 932 435 magno
948 389 1072 434 populi
1089 400 1263 424 concursu
1279 390 1336 424 die
1360 397 1464 423 xvn.
1483 388 1677 424 Novembr.
1703 389 1791 425 Bre-

404 445 557 479 viarium
577 444 766 480 Scoticum.

759 560 795 596 S.
823 560 1170 596 TRUDBERTUS
1195 561 1276 596 AP.
1331 564 1436 597 1120.

402 674 438 709 S.
470 674 761 716 TRUDBERTUS‚
792 677 930 722 origine
960 675 1097 716 Scotus,
1127 675 1239 710 frater
1264 675 1299 710 S.
1333 676 1511 711 Rudberti
1538 677 1614 711 sive
1640 676 1793 721 Ruperti

401 731 732 779 Saltzburgensium
750 733 906 777 episcopi
923 733 1043 777 primi.
1100 732 1200 766 Idem
1218 731 1404 767 Truberus
1422 734 1533 768 audit.
1586 733 1795 779 Peregrina-

400 789 533 822 tionem
564 789 765 823 Romanam
797 790 952 833 suscepit
982 800 1063 823 cum
1093 789 1205 823 fratre
1235 794 1271 823 et
1300 800 1421 824 sorore
1446 789 1483 824 S.
1509 789 1732 829 Erendrude‚
1759 796 1795 824 et

401 846 646 880 anachoretica
672 846 749 880 vita
778 847 899 886 electa,
930 851 1011 890 post
1040 846 1246 880 triennium
1262 847 1484 881 sanctissime
1510 851 1729 881 transactum
1757 848 1794 880 in

399 914 492 949 pago
522 903 781 949 Prinsgangiae
814 904 859 938 ad
889 903 1059 938 Rhenum
1087 915 1108 937 a
1137 904 1336 938 latronibus
1362 904 1476 938 securi
1506 915 1694 949 percussus
1719 915 1795 938 coe-

398 960 450 994 los
469 961 611 995 meruit.
663 960 879 1006 Anonymus
897 966 1022 996 auctor
1044 961 1151 996 Vitae
1174 960 1211 995 S.
1234 960 1412 995 Rudberti
1438 972 1513 1006 cap.
1534 970 1559 995 1.
1579 966 1615 995 et
1633 970 1686 995 IV.
1705 962 1795 1006 pub-

399 1018 522 1052 licavit
553 1018 731 1052 Henricus
762 1017 927 1053 Canisius
954 1023 1040 1053 tom.
1068 1027 1122 1052 vl.
1149 1017 1343 1063 Antiquar.
1371 1018 1531 1053 Lection.
1583 1019 1639 1053 Ibi
1664 1030 1708 1053 ex
1735 1030 1796 1053 an-

400 1075 502 1119 tiqua
519 1075 669 1109 historia
686 1076 778 1109 clare
800 1076 941 1116 dicitur,
970 1081 991 1096 ‘⁶
1008 1078 1212 1121 prosapiam
1229 1076 1381 1110 traxisse
1399 1087 1443 1109 ex
1460 1076 1604 1122 regibus
1622 1076 1795 1110 Franciae

401 1137 435 1166 et
462 1132 611 1167 ducibus
630 1132 800 1167 Scotiae.''
851 1133 1072 1168 Monasteria
1088 1134 1166 1179 ejus
1187 1133 1322 1166 nomini
1347 1132 1498 1167 fundata
1520 1134 1673 1177 reperies
1699 1134 1795 1178 apud

403 1189 661 1236 {Volfgangum
691 1189 844 1224 Lazium
875 1190 935 1224 lib.
967 1199 1058 1224 Vl11.
1091 1190 1240 1236 Migrat.
1268 1189 1374 1224 Gent.
1401 1201 1483 1236 pag.
1510 1199 1705 1224 cccxcnI.
1733 1191 1793 1224 sed

400 1253 436 1281 et
466 1248 587 1281 eodem
618 1248 678 1282 lib.
710 1259 791 1293 pag.
823 1253 964 1281 ccccx.
1001 1247 1182 1282 Bobonem
1219 1249 1276 1282 vel
1310 1247 1493 1282 Bebonem
1521 1247 1791 1294 Landgravium

399 1304 625 1339 Edelsassiae
650 1310 773 1338 narrat
797 1310 960 1339 sanctum
985 1309 1180 1349 martyrem
1207 1305 1396 1349 sepeliisse,
1427 1305 1599 1349 templum
1628 1306 1791 1345 erexisse,

399 1362 493 1406 quod
511 1367 635 1406 postea
651 1362 690 1396 in
707 1363 963 1396 monasterium
982 1367 1199 1403 excreverat,
1224 1362 1508 1407 suppliciumque
1531 1362 1574 1396 de
1595 1363 1794 1397 latronibus

399 1420 602 1463 sumpsisse.
655 1419 873 1453 Coenobium
892 1419 958 1453 hoc
975 1424 1188 1464 repararunt
1213 1418 1418 1453 Luitfridus
1444 1424 1480 1453 et
1504 1418 1623 1465 Vugo,
1649 1420 1795 1454 comites

399 1476 707 1522 Habsburgenses.
761 1476 860 1510 Idem
878 1477 939 1511 lib.
960 1486 1016 1510 XI.
1036 1488 1119 1522 pag.
1139 1485 1299 1511 Dcxvn.
1352 1476 1455 1510 Piam
1482 1476 1540 1510 hic
1565 1477 1794 1522 sedulamque

399 1545 542 1578 operam
577 1534 824 1568 convertendis
860 1534 905 1567 ad
939 1534 1044 1568 fidem
1078 1533 1327 1579 Vangionibus
1361 1534 1610 1578 praestiterat3
1646 1539 1688 1568 ut
1722 1545 1792 1568 non

398 1592 578 1625 immerito
612 1602 694 1625 eum
729 1601 810 1624 cum
845 1590 956 1625 fratre
986 1591 1187 1635 apostolum
1217 1601 1259 1624 ea
1287 1601 1375 1637 gens
1405 1591 1497 1625 colat
1526 1595 1562 1624 et
1592 1597 1791 1625 veneretur.

398 1648 546 1694 Scripsit

547 1707 724 1740 Homilias
743 1707 787 1740 ad
805 1706 1010 1752 Vangiones
1341 1706 1402 1740 lib.
1424 1715 1446 1739 1.

448 1763 587 1798 Claruit
604 1775 697 1797 anno
716 1772 811 1798 Dxc.
863 1763 955 1798 Vide
978 1775 1086 1808 supra
1110 1763 1172 1798 lib.
1192 1771 1277 1797 XVI.
1304 1764 1371 1797 hoc
1397 1774 1501 1807 opere
1527 1763 1565 1797 in
1591 1760 1790 1797 liudberto.

398 1821 609 1856 Germaniae
628 1822 827 1865 apostolum
846 1826 881 1855 et
898 1826 1093 1866 martyrem
1112 1826 1215 1855 vocat
1238 1820 1372 1854 Lazius
1399 1820 1460 1854 lib.
1481 1829 1506 1854 Ι.
1532 1820 1575 1854 de
1600 1819 1791 1855 Austriaca

398 1878 548 1925 Origine
566 1889 641 1923 cap.
661 1887 715 1912 Vl.
768 1878 903 1913 Molan.
922 1879 960 1912 in
977 1878 1184 1923 Appendice
1202 1877 1469 1924 Martyrologii.

807 1992 843 2027 s,
871 1966 1146 2027 TRInUANA
1170 1992 1217 2027 v.
1268 1967 1377 2027 1121.

397 2110 433 2145 S.
452 2111 678 2145 TRIDUANA
700 2109 814 2155 virgo,
833 2108 1024 2143 amatorias
1042 2107 1223 2143 illecebras
1240 2112 1276 2142 et
1292 2108 1417 2141 mundi
1444 2107 1583 2141 delitias
1609 2118 1789 2152 spernens,

398 2179 478 2202 cum
496 2168 594 2201 nulla
619 2168 690 2201 alia
715 2171 791 2200 arte
816 2166 956 2200 obstare
981 2177 1084 2210 posse
1109 2165 1293 2199 videretur
1317 2164 1533 2210 importunis
1559 2165 1788 2205 amatoribus,

398 2225 541 2259 effossos
570 2225 688 2258 oculos
718 2223 852 2257 amasio
877 2223 985 2258 misit.
1038 2222 1217 2268 Lepidum
1243 2222 1463 2269 epigramma
1488 2227 1541 2256 est
1570 2221 1670 2257 Petri
1694 2221 1791 2256 Tau-

400 2282 489 2317 siani
510 2281 692 2316 Bastidaei
711 2280 804 2315 Galli
820 2290 829 2314 ι

659 2344 702 2373 Ut
717 2343 881 2374 Triduanae
894 2344 990 2373 oculos
1004 2344 1066 2374 sine
1079 2344 1199 2373 crimine
1213 2343 1287 2372 vidit
1302 2344 1459 2382 ademptos,
