2060 2848
736 296 967 330 HISTORIA
993 294 1376 328 ECCLESIASTICA.
1694 292 1754 324 371

360 397 431 429 tius
460 399 580 429 noster
608 393 824 432 subtractus,
855 394 891 425 et
919 389 1037 424 Roma
1063 389 1108 423 ab
1133 388 1278 423 Alarico
1304 393 1509 434 expugnata
1536 387 1754 431 direptaque,

358 463 489 498 magno
513 450 710 485 Christiani
737 448 892 483 nominis
916 446 1082 481 ludibrio.
1136 446 1247 480 Plura
1272 445 1367 490 apud
1394 445 1583 490 scriptores
1607 450 1755 484 veteres,

357 510 419 554 qui
439 519 560 544 omnes
578 507 714 542 affatim
733 506 894 546 laudant,
912 508 1058 549 excepto
1074 515 1147 538 uno
1166 503 1309 537 Sozimo
1323 503 1476 543 ethnico,
1496 502 1558 547 qui
1572 502 1611 536 in
1624 501 1754 546 ipsum,

355 572 391 600 et
408 576 639 611 quoscunque
657 565 744 599 alios
763 563 898 597 Christi
917 573 1047 596 nomen
1072 560 1262 606 professos,
1287 571 1369 594 cum
1392 559 1538 593 vesania
1563 558 1754 593 debaccha-

355 629 426 658 tur.
477 623 645 658 Adeundi
663 622 710 656 D.
730 621 975 666 Hieronymus
993 619 1113 664 Epist.
1132 618 1178 653 ad
1203 617 1483 657 Demetriadem,
1512 616 1647 651 Paulus
1665 615 1755 650 Oro-

355 682 429 716 sius
447 681 508 715 lib.
528 689 600 715 VII.
619 691 695 725 cap.
714 687 868 713 XXXIX.
920 677 1071 722 Scripsit
1088 677 1227 716 multa3
1253 675 1291 709 in
1308 675 1365 709 his
1384 679 1469 709 sunt

506 738 559 772 De
572 738 596 772 J
598 738 719 772 udaeis
733 741 769 770 et
783 735 969 770 Monachis
983 734 1109 780 Leges,
1123 745 1186 768 seu
1200 733 1376 779 Regulae.
1416 732 1629 767 Franciscus
1646 731 1671 765 J
1672 743 1755 766 oan-

553 800 674 829 nettus
700 805 776 838 cap.
804 802 872 826 XL.
923 791 975 826 Et
1000 792 1135 826 mentio
1161 802 1236 835 cap.
1264 790 1440 830 Canones,
1467 790 1625 824 distinct.
1653 799 1690 824 L.
1718 790 1756 823 in

558 852 709 886 Decreto
727 850 904 885 Gratiani.

508 908 642 944 Contra
659 908 847 955 Pelagium
870 912 906 941 et
929 905 1183 946 coelestinum,
1208 905 1420 940 Haereticos
1438 909 1474 939 et
1493 904 1752 951 Cataphrygas,

558 966 721 1005 Decreta,
1250 963 1311 996 lib.
1332 971 1358 995 I.

507 1023 703 1069 EpistoIae,
721 1023 758 1056 in
776 1021 906 1067 quibus
924 1020 1150 1054 sanctitatem
1168 1020 1281 1064 ipsius
1299 1019 1453 1053 miratur
1467 1019 1625 1054 Basilius
1641 1019 1752 1063 (Petr.

557 1079 759 1114 Galesinius
776 1079 815 1113 in
833 1076 1095 1123 Martyrologio
1112 1077 1169 1110 die
1188 1077 1296 1122 dicto)
1314 1086 1324 1117 3
1352 1080 1547 1121 extantque
1564 1077 1603 1110 in
1628 1077 1752 1111 biblio-

554 1137 659 1171 theca
687 1136 862 1171 Vaticana
896 1135 941 1168 ad
975 1134 1126 1168 eundem
1163 1134 1209 1168 D.
1242 1133 1369 1168 Basilii
1405 1134 1533 1180 Magni
1568 1133 1753 1179 Epistolae

557 1193 664 1229 MSS.

509 1252 564 1286 De
581 1251 678 1286 omni
696 1250 855 1285 Ecclesia
873 1248 1120 1284 Constitutum
1262 1250 1323 1284 lib.
1343 1259 1368 1284 1.
1420 1249 1457 1283 N
1459 1250 1605 1285 otkerus
1623 1250 1755 1285 Balbu-

558 1310 613 1343 lus
632 1313 667 1343 et
685 1308 855 1342 Rabanus
873 1307 911 1340 in
929 1305 1200 1352 Martyrologiis
1219 1306 1292 1340 suis
1310 1306 1367 1339 die
1385 1305 1489 1339 dicta.

511 1366 702 1401 Decretum
729 1363 1011 1399 Occidentalium
1037 1368 1073 1397 et
1099 1363 1339 1397 Orientalium
1365 1361 1608 1396 Ecclesiarum
1633 1368 1757 1398 contra

562 1423 771 1469 Pelagianos
897 1420 959 1454 lib.
980 1429 1006 1454 1.
1058 1419 1170 1460 Idem,
1188 1424 1230 1454 ut
1246 1424 1347 1464 puto,
1365 1425 1419 1454 est
1436 1431 1537 1464 opus,
1557 1420 1639 1455 licet
1658 1422 1757 1455 vario

561 1480 715 1514 nomine.
766 1478 927 1513 Gennad.
950 1477 1013 1511 lib.
1032 1477 1075 1511 de
1092 1477 1191 1511 Viris
1210 1477 1339 1511 illustr.
1367 1488 1443 1522 cap.
1465 1486 1586 1511 XLIII.
1613 1483 1649 1512 et
1671 1479 1758 1514 citat

559 1537 647 1571 illud
664 1537 844 1571 decretum
861 1535 979 1569 Divus
996 1533 1227 1581 Augustinus
1251 1534 1313 1568 lib.
1339 1535 1382 1569 de
1407 1534 1533 1569 Gratia
1558 1546 1634 1580 cap.
1654 1544 1756 1570 xxx.

562 1602 684 1628 XXXI.
702 1598 738 1628 et
757 1593 831 1628 alii.

413 1652 562 1687 Creatus
580 1651 743 1695 pontifex
760 1656 844 1696 post
862 1649 898 1684 S.
916 1648 1151 1684 Anastasium
1170 1648 1198 1683 I.
1217 1649 1313 1694 quod
1326 1649 1397 1684 fuit
1410 1660 1503 1684 anno
1518 1650 1643 1684 salutis
1657 1659 1755 1685 CDII.

368 1709 521 1744 Honorii
539 1708 699 1755 Augusti
717 1717 806 1743 VIII.
831 1708 920 1743 obiit
943 1718 1029 1742 vero
1052 1717 1146 1741 anno
1169 1715 1327 1742 cDXVII.
1356 1706 1510 1742 Honorii
1533 1707 1757 1752 imperatoris

366 1775 493 1801 xxux.
544 1766 619 1801 Alii
637 1777 833 1812 perperam.

841 1879 877 1914 S.
903 1879 1147 1914 JOANNES.
1200 1881 1282 1917 704.

369 1995 404 2029 S.
423 1994 447 2028 J
450 2002 627 2035 oANNEs‚
647 1999 881 2041 cognomento
899 1994 1085 2040 Magister,
1109 1994 1185 2028 sive
1204 1993 1342 2035 Scotus,
1370 1994 1427 2027 vir
1452 1994 1523 2028 fuit
1540 2005 1671 2040 magna
1688 1995 1758 2029 for-

368 2058 476 2086 tunae
502 2052 674 2086 varietate
695 2052 865 2097 jactatus,
893 2057 929 2085 et
951 2051 1181 2087 festivissima
1206 2053 1361 2099 ingenio,
1386 2054 1610 2098 maximeque
1635 2054 1757 2095 libero,

370 2114 442 2149 aut,
460 2114 502 2143 ut
519 2109 680 2154 loquitur
696 2109 1100 2150 westmonasteriensis,
1127 2114 1149 2129 “
1167 2110 1378 2154 perspicacis
1403 2110 1549 2157 ingenii,
1576 2116 1611 2146 et
1636 2111 1758 2147 facun-

369 2167 448 2201 diae
480 2166 683 2211 singularis,
711 2166 785 2211 qui,
815 2167 932 2210 patria
957 2166 1090 2207 relicta,
1115 2167 1282 2204 carolum
1309 2167 1459 2201 Calvum
1486 2169 1596 2210 adiit;
1627 2180 1758 2216 magna

369 2224 414 2258 ab
439 2235 480 2258 eo
506 2223 713 2269 dignatione
743 2226 937 2267 susceptus,
966 2222 1172 2259 individuus
1203 2236 1318 2259 comes
1343 2224 1461 2260 fuerat
1490 2231 1526 2260 et
1555 2238 1696 2261 mensae
1721 2232 1757 2261 et

369 2280 555 2315 cubiculi.”
605 2280 741 2314 Marini
771 2291 883 2324 papae
914 2280 958 2314 ad
984 2282 1134 2316 eundem
1156 2281 1323 2316 Carolum
1348 2283 1496 2327 epistola
1518 2285 1652 2318 multae
1675 2296 1757 2319 eum

370 2338 537 2373 scientiae
555 2338 728 2372 nominat.
780 2336 1012 2379 Giselbertus,
1030 2338 1105 2372 sive
1122 2339 1283 2384 quisquis
1301 2344 1354 2374 est
1372 2345 1495 2375 auctor
1514 2341 1595 2375 libri
1619 2342 1680 2386 qui
1703 2343 1758 2376 in-

372 2395 540 2436 scribitur
570 2394 768 2430 Altercatio
794 2394 1004 2441 Synagogae
1029 2400 1065 2430 et
1090 2395 1279 2437 Ecclesiae,
1305 2408 1386 2432 eum
1412 2403 1638 2433 coaetaneum
1668 2401 1757 2433 mul-
