2118 2854
707 299 884 332 GENTIS
909 299 1189 338 SCOTORUM,
1215 300 1303 332 LIB.
1326 300 1422 331 VIII.
1702 301 1765 331 5337

370 396 474 430 multi
505 393 617 428 sancti
648 398 766 438 patres
797 404 841 428 ex
878 393 1064 433 Hibernia,
1095 392 1223 432 Scofia,
1255 392 1401 439 Anglia‚
1432 394 1587 439 regulari
1620 395 1765 428 institu-

370 454 465 487 tione
483 452 653 497 insignes,
681 452 825 495 pietatis
843 456 879 485 et
897 451 1080 485 charitatis
1099 462 1206 495 opera
1229 451 1418 496 diligenter
1443 451 1681 490 observantes,
1707 452 1763 484 die

368 514 545 554 noctuque
575 509 816 542 indesinenter
846 510 883 542 in
911 519 1040 553 magna
1070 509 1289 552 poenitentia
1319 507 1395 542 Deo
1422 509 1608 543 servirent.
1674 508 1764 542 Erat

368 572 487 601 autem
506 567 648 600 natione
667 566 827 600 Scotus.’'
878 565 1083 610 Episcopali
1102 567 1251 599 eundem
1270 566 1445 611 dignitate
1460 571 1638 605 ornatum,
1658 571 1711 599 est
1727 567 1763 598 in

368 624 539 659 confesso.
567 623 725 657 Florent.
753 623 977 670 IVigornien.
1006 627 1027 642 ‘⁶
1052 622 1274 668 Higebaldus
1303 623 1608 657 Lindisfarnensis
1633 623 1764 667 episco-

367 693 434 726 pus
463 682 563 722 obiit,
591 692 656 726 pro
686 692 758 726 quo
784 680 967 727 Egbertus
993 681 1157 714 electus.”
1219 680 1313 715 Tota
1343 681 1429 714 haec
1456 681 1659 715 antistitum
1687 692 1763 714 suc-

367 740 477 774 cessio
496 739 591 773 Scoti
610 744 722 773 erant.
775 738 874 773 Sedit
895 739 953 772 hic
976 749 1124 772 numero
1143 747 1200 772 XI.
1220 739 1287 772 sub
1304 750 1375 783 quo
1392 739 1585 778 decretum,
1609 743 1659 777 ut,
1679 739 1764 782 quia

367 798 560 842 praedones
596 797 751 830 insulam
779 797 1007 836 infestabant,
1037 800 1240 830 sanctorum
1277 807 1424 840 corpora
1455 796 1492 829 in
1523 796 1762 829 continentem

367 854 658 894 transferrentur,
679 854 728 887 ait
747 853 946 888 Gulielmus
966 853 1306 887 Malmesburiensis.
1359 853 1452 899 Ejus
1470 859 1576 888 sunt:

515 912 736 946 Monasticae
754 911 860 945 Vitae
879 911 1020 956 Regula
1308 911 1369 945 lib.
1391 920 1415 945 1.

516 969 708 1014 Expositio
727 968 893 1002 Psalterii
1308 969 1368 1002 lib.
1390 977 1415 1002 1.

518 1026 697 1060 Homiliae
715 1026 759 1059 ad
778 1025 925 1059 Fratres
1307 1026 1367 1059 lib.
1389 1035 1414 1059 Ι.

416 1084 516 1118 Obiit
534 1094 628 1117 anno
645 1084 750 1117 salut.
772 1091 939 1117 DCCCHI.
992 1083 1121 1118 Nescio
1139 1095 1184 1117 an
1204 1084 1298 1117 idem
1317 1084 1364 1117 sit
1388 1095 1469 1118 cum
1494 1083 1691 1124 Hucbaldo,
1719 1085 1760 1117 (le

366 1153 436 1186 quo
455 1141 677 1176 Trithemius
695 1140 756 1174 lib.
777 1150 819 1174 11.
838 1141 882 1174 de
899 1140 997 1176 Viris
1015 1142 1127 1175 illust.
1142 1140 1289 1174 Ordinis
1304 1140 1336 1174 S.
1352 1140 1536 1175 Benedicti
1550 1151 1625 1184 cap.
1642 1149 1758 1175 XLIX.

809 1256 845 1291 S.
874 1255 1177 1290 HIMELINUS.
1231 1254 1313 1290 633.

366 1372 401 1407 S.
423 1373 670 1406 HIMELINUS
689 1377 907 1413 memoratur
925 1384 946 1406 a
963 1373 1237 1418 diligentissimo
1255 1371 1394 1406 Joanne
1413 1371 1558 1406 Molano
1572 1372 1757 1406 Addition.

365 1431 409 1464 ad
440 1431 678 1476 Martyrolog.
715 1430 872 1464 Usuardi
908 1430 964 1463 die
998 1439 1037 1463 x.
1070 1429 1196 1463 Martii
1213 1440 1221 1463 :
1266 1434 1287 1448 “
1318 1429 1362 1463 In
1397 1429 1621 1463 Vissenaken
1651 1430 1759 1475 juxta

366 1487 511 1522 Theuas
529 1488 567 1521 in
586 1488 767 1521 montibus
791 1487 827 1521 S.
849 1487 1023 1521 Himelini
1042 1486 1264 1526 confessoris,
1290 1487 1363 1531 qui,
1390 1487 1534 1520 natione
1559 1486 1696 1526 Scotus,
1724 1492 1759 1520 et

366 1545 479 1579 Beato
502 1545 682 1579 Rumoldo
706 1556 810 1578 carne
834 1544 1068 1588 propinquus,
1090 1544 1252 1588 praefato
1277 1545 1353 1578 loco
1378 1543 1475 1577 febre
1500 1545 1681 1588 pestilenti
1707 1550 1759 1578 ta-

364 1608 454 1643 ctus,
472 1603 566 1636 diem
584 1603 674 1636 obiit
691 1601 902 1636 mirificante
920 1602 1064 1636 domino
1083 1602 1160 1648 ejus
1185 1602 1324 1636 obitum
1349 1602 1473 1636 multis
1499 1602 1610 1647 signis
1635 1607 1670 1635 et
1695 1603 1757 1635 mi-

322 1668 325 1670 “
364 1660 526 1694 raculis.''
561 1659 639 1694 Pet.
659 1659 802 1704 Cratep.
821 1660 864 1693 de
882 1658 945 1692 SS.
965 1658 1132 1694 German.
1151 1671 1232 1706 pag.
1254 1668 1430 1693 LXXXVI.
1459 1664 1480 1679 “
1497 1658 1533 1694 S.
1555 1659 1756 1693 Himelinus

364 1717 554 1758 confessor,
574 1723 610 1752 et
627 1717 771 1751 natione
791 1716 950 1751 Scotus.”
1001 1716 1151 1762 Scripsit

515 1775 689 1809 precandi
709 1774 916 1809 Formulam
1264 1775 1325 1809 lib.
1345 1784 1371 1808 1.

413 1833 556 1867 Floruit
574 1833 666 1866 circa
683 1843 818 1866 annum
838 1840 1048 1865 DCCLxxv.
1063 1833 1117 1866 uti
1131 1832 1226 1867 infra
1239 1834 1300 1867 lib.
1316 1842 1401 1867 XVI.
1416 1832 1578 1867 habetur.
1607 1832 1689 1866 Non
1705 1838 1757 1866 est

365 1891 540 1934 ascriptus
570 1890 676 1930 divis,
714 1891 775 1924 sed
803 1894 924 1923 tamen
955 1890 1128 1934 oppidum
1155 1891 1295 1924 Fanum
1327 1891 1362 1924 S.
1391 1890 1565 1924 Himelini
1597 1896 1753 1924 vocatur.

365 1948 500 1982 Molan.
520 1948 632 1981 Indic.
653 1947 865 1982 Sanctorum
885 1946 1003 1993 Belgii
1022 1958 1103 1993 pag.
1123 1956 1308 1981 XXXVIII.
1326 1948 1387 1982 ubi
1406 1947 1550 1982 Scotum
1570 1954 1683 1982 vocat.

788 2062 823 2096 S.
853 2061 1198 2097 HILDULPHUS.
1251 2060 1335 2097 634.

363 2178 399 2211 S.
428 2177 716 2217 HILDULPHUS,
743 2188 806 2211 seu
833 2176 1053 2221 Hidulphus‚
1081 2177 1202 2211 Uvion
1228 2178 1288 2212 lib.
1318 2186 1378 2211 111.
1405 2188 1487 2224 pag.
1514 2187 1654 2212 CCXXI.
1682 2190 1754 2212 1110-

362 2236 519 2269 nasticae
537 2235 633 2270 vitae
649 2234 839 2279 professor,
858 2234 986 2268 celebri
1012 2235 1213 2268 sanctitatis
1232 2234 1338 2275 fama,
1365 2239 1467 2269 extra
1485 2236 1637 2280 patriam
1655 2247 1754 2280 pere-

362 2293 539 2340 grinatus,
558 2294 698 2327 claruit.
738 2292 848 2326 Laur.
868 2291 994 2326 Surius
1013 2297 1099 2327 tom.
1116 2301 1170 2326 VI.
1189 2292 1246 2327 die
1264 2301 1336 2326 v11.
1355 2291 1530 2328 Novemb.
1549 2304 1593 2327 ex
1611 2298 1754 2328 auctore

363 2355 506 2385 vetusto
540 2359 743 2396 anonymo:
804 2354 825 2369 “
852 2349 944 2383 Cum
979 2349 1206 2396 Dagobertus
1236 2361 1300 2384 rex
1329 2351 1374 2384 ad
1404 2351 1506 2397 regni
1531 2350 1752 2385 Francorum

363 2407 604 2453 gubernacula
621 2408 769 2448 sederet,
785 2407 937 2441 Sanctus
952 2407 1157 2442 Florentius
1175 2419 1256 2443 cum
1277 2408 1387 2442 Beato
1404 2407 1619 2455 Arbogasto,
1636 2408 1751 2442 Theo·
