2060 2848
690 271 865 303 GENTIS
889 271 1163 310 SCOTORUM‚
1188 271 1276 303 LIB.
1302 271 1402 303 XIX.
1671 270 1730 301 641

357 365 477 399 nifacii
507 374 551 399 ex
577 363 705 398 Bonna
728 373 848 398 sorore
877 368 1051 407 nepotem,
1081 369 1117 398 et
1148 363 1210 398 SS.
1242 365 1321 399 albo
1350 363 1541 407 ascriptum
1572 374 1593 396 a
1618 362 1734 396 Leone

357 420 441 454 VII.
466 422 621 455 instante
647 419 858 465 Megingoso
880 419 1043 463 episcopo
1068 419 1289 459 Eistatensi3
1316 420 1412 464 quod
1429 429 1550 453 versus
1569 419 1627 453 isti
1646 419 1733 452 indi-

356 482 457 510 cant:

654 545 741 575 Hanc
754 545 920 576 willibaldo
933 546 1057 575 Pharum
1071 552 1267 575 construxerat
1281 547 1354 575 almo

657 593 774 622 Praesul
787 593 907 622 devotus
922 594 1086 631 Mengosus,
1100 594 1216 622 nomine
1228 593 1330 626 clarus,

656 640 716 674 Qui
730 640 796 678 pius
809 640 886 668 hunc
899 640 1005 669 sanctis
1018 640 1150 678 precibus
1163 640 1312 678 conjungit
1326 640 1449 669 eundem

655 685 772 715 Turmis
785 686 921 724 angelicis
935 686 1050 715 coelesti
1063 686 1178 715 nomine
1191 687 1305 715 sanctis.

356 759 491 794 Anton.
518 758 700 792 Possevin.
726 758 902 803 Apparat.
929 758 1023 793 Sacr.
1050 770 1131 805 pag.
1158 768 1351 794 cccxmx.
1402 759 1504 793 Adeo
1529 771 1592 794 nos
1619 760 1733 795 felices

356 827 490 856 sumna,
510 816 544 849 O
563 819 717 849 vestram
735 814 838 848 fidem
857 814 1028 849 Hercules
1046 816 1188 850 vindex.
1240 816 1322 862 Ego
1344 817 1489 851 Scotum
1506 816 1615 851 fuisse
1633 817 1733 852 bonis

355 872 505 907 testibus
523 873 590 906 aio.
642 871 770 905 Joann.
790 871 966 905 Trithem.
986 872 1029 905 de
1050 872 1218 917 Scriptor.
1237 873 1441 908 Ecclesiast.
1467 884 1548 919 pag.
1567 883 1733 908 ccxmx.

355 933 377 949 “
402 929 641 968 Willibaldus,
667 929 804 972 primus
830 928 1013 972 episcopus
1038 928 1263 969 Eistetensis‚
1293 930 1436 964 natione
1462 929 1597 971 Seotus,
1626 930 1735 965 frater

355 985 391 1019 S.
420 985 638 1031 Walpurgae
669 984 831 1030 virginis,
865 985 1061 1019 abbatissae
1096 985 1422 1026 Heidenhemensis,
1459 987 1660 1027 monachus,
1696 1000 1735 1021 ac

354 1042 548 1086 discipulus
565 1041 601 1075 S.
620 1041 797 1075 Bonifacii
820 1042 1000 1085 martyris,
1026 1042 1160 1076 ordinis
1177 1042 1213 1076 S.
1233 1043 1427 1082 Benedicti,
1455 1043 1512 1076 vir
1536 1043 1659 1078 doctus
1685 1049 1735 1078 at-

353 1109 422 1143 que
439 1098 694 1137 sanctissimus,
719 1097 863 1143 ingenio
886 1102 922 1131 et
946 1098 1085 1142 eloquio
1109 1099 1255 1133 clarus.”
1306 1099 1330 1132 J
1333 1110 1436 1133 oann.
1464 1100 1597 1134 Molan.
1624 1100 1736 1135 Addi-

353 1156 442 1190 tion.
457 1155 611 1189 Usuard.
627 1154 861 1199 Martyrolog.
879 1154 937 1187 die
951 1163 977 1190 1.
992 1154 1079 1189 Maii
1094 1165 1103 1189 ε
1118 1160 1139 1175 “
1150 1155 1389 1196 Willibaldus,
1403 1156 1539 1200 primus
1553 1157 1736 1202 episcopus

354 1212 581 1252 Eistatensis,
594 1211 737 1245 natione
750 1210 906 1245 Scotus.”
943 1211 1081 1256 Gaspar
1094 1212 1291 1246 Bruschius
1310 1212 1370 1246 lib.
1389 1213 1432 1246 de
1448 1212 1735 1257 Episcopatibus‚

353 1274 390 1304 et
417 1269 636 1315 Reginoldus
666 1268 850 1312 episcopus
880 1276 937 1301 XI.
964 1267 1191 1309 Eistatensis,
1222 1269 1432 1303 Starchandi
1458 1280 1646 1311 successor,
1672 1272 1734 1315 qui

355 1326 469 1360 tribus
499 1325 702 1359 Othonibus
732 1324 936 1358 carissimus
971 1324 1051 1365 fuit,
1088 1326 1199 1359 vitam
1234 1326 1376 1370 scripsit
1411 1325 1446 1359 S.
1478 1326 1671 1361 willibaldi
1701 1334 1736 1362 et

353 1382 563 1416 Wunibaldi
580 1381 744 1421 fratrum,
762 1381 920 1425 obiitque
937 1392 1030 1415 anno
1048 1390 1358 1417 Decccnxxxlx.
1410 1382 1555 1417 Scotum
1573 1383 1610 1417 hi
1628 1384 1737 1418 fuisse

354 1443 528 1473 asserunt.
582 1438 682 1472 Haec
698 1438 740 1471 de
757 1438 875 1482 patria
891 1438 989 1472 satis.

403 1495 629 1540 Discipulum
646 1495 721 1528 dixi
739 1494 776 1528 S.
795 1494 972 1529 Bonifacii
996 1494 1128 1536 fuisse3
1154 1496 1191 1530 id
1208 1496 1335 1540 probat
1352 1496 1529 1531 Othlonus
1548 1498 1736 1533 Fuldensis

354 1553 393 1586 in
413 1552 500 1586 Vita
525 1551 561 1585 S.
588 1551 766 1585 Bonifacii
792 1551 853 1585 lib.
881 1560 907 1584 1.
933 1562 1014 1597 pag.
1042 1560 1267 1586 ccccxxnl.
1320 1552 1391 1587 Hic
1416 1559 1470 1588 est
1495 1559 1616 1589 auctor
1641 1556 1735 1589 illius

355 1610 450 1644 vitae
485 1620 594 1654 quam
628 1608 755 1642 Surius
790 1608 858 1642 sub
896 1608 1064 1652 anonymi
1098 1609 1204 1643 titulo
1233 1610 1364 1651 edidit3
1406 1621 1528 1644 verum
1559 1616 1736 1645 auctorem

355 1667 464 1700 fuisse
498 1666 724 1699 membranae
758 1665 1023 1699 Rebdorffensis
1054 1666 1211 1700 coenobii
1246 1677 1355 1711 prope
1392 1666 1641 1701 Aichstadium
1679 1669 1739 1702 do-

355 1727 445 1757 cent.
495 1722 692 1756 Othlonum
719 1721 830 1755 edidit
857 1721 1034 1755 Henricus
1059 1721 1224 1757 Canisius
1249 1728 1334 1757 tom.
1355 1732 1408 1757 IV.
1436 1724 1626 1768 Antiquar.
1654 1724 1739 1758 Lec-

356 1781 442 1814 tion.
494 1783 516 1799 “
535 1779 571 1812 Is
598 1789 683 1824 ergo
716 1778 755 1811 in
784 1778 1003 1822 provinciam
1039 1779 1261 1823 patriamque
1289 1791 1391 1813 suam
1420 1780 1579 1820 mittens,
1610 1782 1735 1815 exinde

356 1842 430 1871 tam
460 1836 643 1874 foeminas,
680 1845 787 1879 quam
825 1834 921 1867 viros
958 1834 1151 1879 religiosos,
1191 1836 1406 1880 scientiaque
1443 1837 1542 1870 varia
1580 1838 1734 1871 imbutos

356 1894 475 1937 plures
494 1893 614 1926 venire
631 1891 725 1931 fecit,
752 1891 877 1934 suique
902 1890 1031 1924 laboris
1056 1902 1146 1924 onus
1170 1892 1264 1926 inter
1288 1903 1346 1926 eos
1372 1893 1505 1932 divisit,
1532 1893 1624 1927 inter
1648 1905 1736 1938 quos

357 1954 458 1984 erant
485 1949 666 1993 praecipui
696 1948 839 1992 quidem
869 1947 949 1986 viri,
981 1947 1221 1988 Burchardus,
1260 1954 1295 1983 et
1322 1949 1448 1984 Lullus
1483 1949 1669 1991 willibalt,
1702 1957 1736 1984 et

358 2006 545 2039 Wunibalt
575 2005 685 2039 frater
713 2005 801 2050 ejus,
832 2003 958 2043 Witta,
990 2008 1025 2037 et
1050 2003 1264 2050 Gregorius:
1290 2005 1464 2040 foeminae
1490 2016 1573 2040 vero
1599 2007 1735 2052 religio-

358 2074 427 2102 sae,
453 2066 642 2096 matertera
663 2062 795 2095 scilicet
819 2060 854 2094 S.
881 2059 989 2100 Lulli,
1014 2062 1156 2095 nomine
1184 2062 1381 2102 Chunihilt,
1409 2067 1443 2097 et
1471 2063 1542 2097 filia
1566 2063 1643 2108 ejus
1672 2063 1737 2097 Be-

358 2119 513 2165 raghgit‚
542 2118 756 2157 Chunidrut‚
787 2122 822 2151 et
856 2117 974 2156 Tecla‚
1012 2117 1136 2158 Lioba,
1174 2123 1210 2152 et
1248 2119 1471 2165 VValtpurgis
1510 2130 1608 2153 soror
1645 2120 1737 2154 Wil-

359 2176 479 2209 libaldi
497 2179 532 2209 et
551 2174 800 2208 W'unibaldi:”
825 2185 915 2218 quae
932 2174 963 2208 si
981 2184 1064 2208 vera
1085 2179 1180 2214 sunt,
1206 2186 1326 2209 omnes
1353 2176 1413 2209 isti
1438 2175 1532 2209 Scoti
1560 2181 1594 2210 et
1619 2176 1738 2211 Scotia

360 2232 462 2266 acciti
487 2236 613 2272 erunt3
644 2242 723 2264 cum
752 2236 870 2265 tamen
899 2241 1020 2265 omnes
1052 2231 1233 2276 hucusque
1262 2233 1462 2277 scriptores,
1493 2233 1588 2278 quod
1616 2234 1735 2273 sciam,

360 2289 458 2334 genti
489 2294 629 2323 nostrae
665 2288 798 2334 injurii,
834 2289 1018 2332 plerosque
1053 2299 1174 2322 eorum
1209 2288 1348 2334 Anglos
1383 2289 1540 2330 fecerint,
1579 2301 1644 2335 ego
1682 2291 1738 2324 de-

1018 2346 1040 2376 2
1059 2352 1083 2377 Τ
