2060 2848
715 275 891 308 GENTIS
913 277 1188 317 SCOTORUM,
1214 280 1301 312 LIB.
1327 282 1426 313 XIX.
1702 285 1764 318 673

377 379 503 408 rorem,
534 372 570 402 et
596 367 763 408 Arthuri,
790 369 853 413 qui
881 380 961 404 cum
991 370 1181 406 Gordoniis
1206 385 1261 408 res
1287 374 1477 409 infeliciter
1506 386 1652 421 magnas
1681 389 1758 423 ges-

378 426 437 464 sit,
465 435 662 469 nomenque
691 435 795 459 suum
823 426 987 461 omnibus
1013 428 1063 461 cis
1091 428 1219 463 Escam
1245 431 1411 476 gentibus
1436 431 1657 468 formidabile
1682 436 1756 469 red-

378 482 481 515 didit.

427 538 558 572 Statim
583 538 621 572 in
647 538 723 582 ipso
748 539 921 583 pueritiae
946 541 1067 575 limine
1095 542 1244 576 adversa
1272 543 1427 578 familiae
1452 556 1547 585 suae,
1578 547 1758 581 nobilioris

376 606 484 640 quam
497 596 695 639 opulentae,
709 596 840 630 sentire
853 598 977 641 coepit,
995 609 1078 631 nam
1095 599 1242 633 lethales
1256 611 1334 633 cum
1351 600 1528 635 Curreriis
1543 602 1758 648 Grantisque

377 652 584 686 inimicitiae
617 652 669 686 ita
702 663 785 696 opes
815 653 1066 694 exhauserunt,
1104 660 1145 689 ut
1174 657 1251 701 jam
1290 662 1431 691 mortuo
1464 670 1532 693 avo
1566 661 1758 694 conclama-

376 715 453 744 tum
487 710 690 743 videretur:
725 721 873 755 magnae
906 710 1090 745 hominum
1129 714 1296 758 utrinque
1334 715 1455 749 caedes
1489 727 1569 749 eum
1600 727 1661 750 rus
1700 718 1758 751 ab·

376 769 550 812 legarunt,
585 766 647 801 ubi
676 767 825 801 triennis
855 767 974 801 omnia
1003 769 1174 803 elementa
1205 771 1311 804 unius
1345 771 1452 806 horae
1485 774 1599 816 spatio
1637 779 1756 808 exacte

375 824 509 864 didicit,
545 829 622 858 tum
657 823 855 858 Turraviae
885 824 952 858 sub
980 824 1094 859 ferula
1122 827 1259 872 plag-osi
1288 826 1452 863 Andreae
1486 829 1637 875 Ogstoni
1672 831 1755 865 tiro-

375 882 507 915 cinium
537 882 693 925 primum
723 881 890 921 exercuit,
921 893 1004 915 mox
1034 882 1079 915 ad
1113 883 1282 918 celebrius
1311 885 1528 919 auditorium
1562 888 1754 922 translatus

375 938 599 972 Aberdoniae
635 937 812 972 Thomam
847 937 1082 984 Carugiuium
1121 940 1271 980 audivit,
1305 941 1533 986 praecipuum
1569 953 1609 977 eo
1640 948 1754 978 tractu

375 996 661 1041 grammaticum.

424 1052 523 1086 Inter
547 1052 633 1086 haec
656 1052 810 1087 Jacobus
837 1052 948 1087 frater
972 1059 1060 1088 natu
1084 1055 1261 1089 maximus
1286 1057 1398 1100 patris
1424 1058 1653 1092 concubinam
1680 1058 1753 1092 Isa-

376 1110 501 1143 bellam
540 1108 757 1143 Gordoniam
796 1109 841 1144 ab
878 1109 1095 1151 Achavachi,
1137 1112 1295 1158 magicis,
1339 1118 1381 1147 ut
1421 1114 1625 1157 putabatur,
1670 1116 1753 1149 arti-

376 1167 439 1200 bus
477 1167 626 1206 illectus,
664 1177 811 1200 uxorem
849 1167 994 1201 consilio
1032 1168 1225 1202 amicorum
1260 1174 1403 1204 vetante
1437 1171 1597 1210 duxerat,
1640 1176 1675 1205 et
1709 1172 1753 1205 ob

375 1225 410 1257 id
456 1235 478 1257 a
523 1228 623 1268 patre
670 1223 913 1263 exheredatus,
960 1224 1098 1270 ingenti
1150 1225 1308 1259 affinium
1355 1226 1615 1261 Gordoniorum
1664 1229 1753 1262 nlul-

374 1281 528 1315 titudine
569 1281 712 1315 collecta
753 1285 892 1324 patrem
934 1282 978 1315 ad
1020 1292 1076 1315 res
1114 1282 1315 1325 provinciae
1358 1284 1571 1317 ordinandas
1618 1285 1753 1318 dilucu-

373 1340 407 1373 lo
445 1338 662 1383 equitantem
699 1338 882 1382 inopinato
921 1339 1150 1384 aggreditur:
1192 1338 1232 1372 fit
1270 1340 1454 1383 praelium,
1498 1351 1568 1384 quo
1609 1342 1748 1385 paterni

373 1395 542 1430 famulitii
579 1395 684 1428 multi
719 1395 861 1435 cadunt,
897 1395 936 1429 in
974 1395 1030 1429 his
1070 1397 1266 1430 avunculus
1305 1396 1417 1440 ipsius
1450 1397 1643 1440 parricidae
1677 1397 1751 1431 Gil-

373 1453 493 1486 bertus
524 1451 702 1492 Leslaeus,
730 1456 766 1485 et
790 1450 945 1486 Joannes
972 1451 1176 1493 Sinclarus3
1208 1454 1395 1492 vulnerati,
1424 1453 1601 1488 Robertus
1629 1454 1749 1494 frater,

374 1509 552 1543 Robertus
587 1508 774 1555 Ogylbius,
816 1513 918 1553 pater
958 1510 1033 1553 ipse
1067 1520 1146 1543 crus
1181 1514 1314 1554 septem
1354 1510 1541 1555 glandibus
1575 1511 1748 1555 plumbeis

373 1566 554 1611 trajectus,
592 1571 627 1599 et
656 1566 795 1600 acinace
825 1569 931 1609 caput
959 1566 1112 1606 scissus;
1145 1577 1207 1600 nec
1241 1567 1425 1601 incruenta
1450 1567 1552 1601 fratri
1588 1568 1747 1608 victoria,

374 1634 455 1657 nam
504 1623 780 1667 promptissimis
823 1623 1029 1663 vulneratis,
1070 1624 1268 1657 ceciderunt
1308 1622 1462 1672 Joannes
1504 1629 1538 1658 et
1576 1625 1750 1659 Patricius

373 1680 556 1714 Gordonii.
621 1679 700 1713 Hoc
731 1684 806 1715 tam
834 1679 996 1713 inaudito
1025 1680 1213 1724 parricidio
1248 1685 1349 1724 pater
1387 1680 1559 1722 irritatus,
1600 1686 1642 1716 ut
1680 1693 1751 1715 orn-

373 1749 452 1771 nem
481 1736 709 1770 successionis
736 1735 879 1770 futurae
908 1747 1006 1779 spem
1034 1736 1106 1769 filio
1131 1737 1325 1779 parricidae
1351 1737 1618 1780 praescinderet,
1646 1749 1749 1783 agros

373 1793 522 1828 Muresk
552 1792 714 1826 Erroliae
744 1792 864 1826 comiti
896 1793 1066 1832 vendidit,
1096 1794 1169 1836 qui,
1203 1793 1297 1837 quod
1334 1793 1504 1827 satisdare
1532 1799 1596 1827 aut
1626 1794 1750 1828 idonee

373 1862 495 1885 cavere
520 1854 621 1894 pater
646 1861 717 1884 non
747 1854 875 1893 posset,
907 1854 942 1882 et
971 1849 1181 1883 baronatum
1211 1854 1246 1883 et
1272 1850 1425 1893 pretium
1455 1850 1492 1883 in
1518 1850 1611 1883 hunc
1636 1862 1748 1895 usque

373 1910 465 1943 diem
500 1908 644 1951 impune
677 1907 821 1947 detinet,
857 1911 892 1940 et
927 1905 1086 1939 Thomae
1117 1907 1258 1950 quidem
1294 1911 1394 1950 pater
1427 1906 1566 1940 inanem
1602 1907 1746 1941 titulum

373 1966 526 2010 reliquit,
565 1963 784 1997 Mureskiam
816 1963 899 2008 jure
932 1963 1216 2006 recuperandam,
1256 1974 1345 2007 quae
1383 1963 1513 2008 injuria
1546 1963 1745 2004 detinetur;

373 2023 432 2057 sed
477 2023 569 2067 regis
614 2021 782 2059 absentia,
829 2020 966 2053 comitis
1015 2020 1076 2053 illo
1119 2024 1235 2053 tractu
1279 2020 1446 2063 potentia,
1497 2020 1747 2054 advocatorum

373 2080 528 2124 perfidia,
562 2089 688 2122 parum
717 2077 887 2111 hactenus
921 2076 995 2120 spei
1032 2075 1200 2110 fecerunt.
1261 2076 1368 2110 Forte
1403 2081 1594 2120 exspectas,
1625 2077 1745 2116 lector,

372 2142 412 2170 ut
447 2135 625 2180 parricidii
659 2134 829 2168 ultionem
863 2133 996 2167 audias.
1049 2132 1201 2167 Jacobus
1236 2133 1420 2177 parricida,
1455 2144 1536 2178 rege
1570 2132 1747 2168 lethaliter

374 2193 654 2231 excandescente,
693 2191 731 2224 in
770 2191 904 2225 insulas
943 2190 1036 2235 fugit
1074 2201 1154 2223 cum
1191 2201 1320 2235 magua
1356 2190 1560 2223 sicariorum
1600 2200 1745 2224 suorum

374 2261 492 2289 manu,
534 2249 652 2293 ibique
691 2248 810 2282 omnia
847 2258 909 2291 per
946 2247 1019 2280 vim
1057 2251 1091 2281 et
1125 2247 1304 2281 libidinem
1338 2246 1457 2292 gessit,
1495 2246 1540 2279 ad
1578 2246 1743 2281 ultimum

374 2307 552 2341 Orcadum
594 2306 795 2350 episcopum
839 2304 1014 2338 succensis
1059 2303 1203 2337 aedibus
1247 2303 1392 2342 exussit,
1439 2303 1590 2347 indeque
1631 2303 1746 2337 denuo

1028 2362 1049 2394 2
1070 2369 1092 2393 z
