2060 2848
666 294 840 328 GENTIS
865 293 1140 332 SCOTORUM‚
1166 294 1254 328 LIB.
1280 295 1374 328 XVI.
1655 296 1719 328 567

538 445 581 481 Β.
608 444 905 480 RICHARDUS
930 456 958 480 A
983 445 1020 480 S.
1046 444 1271 481 VICTORE
1298 445 1351 480 Μ.
1404 447 1509 483 1078.

331 559 375 594 B.
398 560 642 595 RICHARDUS
673 570 695 593 a
721 558 758 593 S.
786 558 941 600 Victore,
969 560 1044 593 sive
1071 558 1278 593 Victorinus
1306 570 1327 593 a
1354 559 1565 604 quibusdam
1591 560 1717 599 dictus,

330 617 523 651 monachus
548 616 680 651 scilicet
705 615 741 650 S.
754 615 911 651 Victoris
928 616 974 650 ad
990 627 1112 650 muros
1135 615 1368 656 Parisiorum,
1393 621 1499 662 gente
1525 616 1716 651 Paduanus

331 674 550 718 ineptissime
584 673 715 707 dicitur
744 684 766 706 a
798 672 936 707 Joanne
966 673 1093 706 Trullo
1122 671 1306 718 Aragonio
1340 673 1401 707 lib.
1432 683 1457 707 1.
1492 684 1566 718 cap.
1597 682 1651 707 vl.
1682 680 1718 708 et

333 730 540 776 Augustino
558 731 601 763 de
618 729 733 764 Novis
751 729 944 769 Ticinensi,
967 729 1206 763 consentiente
1229 729 1365 764 Basilio
1391 729 1536 765 Serenio
1560 730 1598 764 in
1618 741 1717 775 prae-

331 787 395 821 fat.
414 788 458 821 ad
477 786 623 820 Indulta
649 790 685 820 et
703 785 827 819 Privil.
855 785 989 820 Canon.
1012 785 1183 831 Regular.
1209 796 1290 819 cum
1316 797 1422 830 opera
1446 787 1524 831 ipsa
1549 792 1584 822 et
1610 788 1719 831 epita-

333 844 458 888 phium
478 842 623 877 Scotum
648 842 791 882 faciant,
817 846 859 876 ut
883 842 1046 876 omittam
1073 842 1232 876 omnium
1257 843 1418 887 gentium
1445 847 1480 877 et
1505 844 1717 888 scriptorum

332 910 552 934 consensum.
603 899 735 945 Ingens
762 898 794 932 ei
825 903 1002 933 certamen
1031 898 1101 932 fuit
1127 909 1207 932 cum
1232 898 1379 933 Andrea
1403 900 1558 944 quodam
1583 900 1715 946 Anglo,

332 956 487 1002 ejusdem
523 956 657 989 ordinis
692 959 727 989 et
760 955 966 989 monasterii
1008 954 1190 995 monacho,
1237 956 1298 1000 qui
1333 967 1440 1000 opera
1472 957 1568 991 illius
1602 958 1717 1001 impu-

332 1013 456 1046 denter
497 1016 532 1045 et
573 1011 739 1045 dicaciter
778 1011 1076 1055 reprehenderat3
1116 1012 1177 1045 sed
1216 1012 1417 1047 Richardus
1456 1018 1577 1048 noster
1618 1018 1718 1048 tanta

331 1068 515 1107 modestia,
544 1072 580 1101 et
607 1078 690 1101 vere
719 1068 885 1113 religiosa
912 1067 1140 1108 continentia,
1172 1079 1213 1102 ac
1242 1069 1349 1102 simul
1380 1070 1578 1104 eruditione
1607 1071 1718 1104 admi-

333 1125 447 1164 rabili,
469 1124 521 1158 illi
546 1124 737 1168 respondit,
765 1127 808 1158 ut
824 1123 882 1157 ille
899 1123 1062 1168 deinceps
1088 1123 1317 1165 obmutuerit,
1345 1135 1409 1158 nec
1434 1125 1610 1169 quispiam
1637 1137 1718 1160 con-

334 1182 504 1216 tradicere
528 1181 685 1221 auderet,
708 1192 780 1215 non
805 1180 910 1214 modo
935 1180 1095 1214 omnium
1116 1180 1254 1226 judicio
1279 1180 1406 1221 victus,
1432 1182 1494 1215 sed
1510 1181 1617 1215 etiam
1635 1193 1718 1217 suae

333 1238 480 1272 infamia
518 1237 734 1281 petulantiae
768 1242 804 1271 et
843 1237 1038 1271 dicacitatis
1078 1244 1255 1278 oneratus,
1295 1238 1518 1282 procacitatis
1559 1250 1643 1274 suae
1683 1245 1718 1274 et

333 1295 543 1329 temeritatis
570 1305 700 1338 poenas
730 1294 809 1334 luit,
837 1298 873 1327 et
898 1293 1068 1339 vigebant
1096 1294 1135 1327 in
1163 1293 1235 1327 illis
1260 1294 1423 1339 gentium
1450 1305 1597 1329 suarum
1627 1296 1717 1330 odia.

334 1351 402 1386 Sed
439 1351 547 1385 missa
581 1350 694 1396 Angli
728 1350 951 1384 immodestia
984 1349 1029 1383 ad
1070 1349 1292 1384 Richardum
1335 1351 1450 1391 redeo,
1489 1352 1551 1396 qui
1589 1353 1720 1387 dicitur

333 1408 507 1454 Anglicus
537 1420 559 1442 a
587 1407 644 1442 Jo.
677 1407 844 1451 Philippo
878 1405 1091 1440 Novariensi
1129 1406 1190 1440 lib.
1222 1416 1278 1440 111.
1317 1406 1449 1441 Chron.
1481 1407 1614 1443 Canon.
1651 1409 1718 1444 Re-

332 1466 406 1512 gul.
435 1476 510 1509 cap.
536 1473 701 1499 XXXVH.
729 1468 765 1498 et
790 1463 850 1498 lib.
878 1472 915 1497 v·
941 1474 1016 1507 cap.
1043 1471 1129 1496 ΧΠ.
1156 1474 1237 1497 cum
1262 1467 1382 1497 tamen
1404 1463 1516 1510 Angli
1543 1465 1611 1510 ipsi
1638 1465 1719 1501 Sco·

333 1527 412 1556 tum
429 1522 538 1556 fuisse
556 1521 747 1555 fateantur.
800 1520 963 1554 Pitsaeus
985 1530 1067 1565 pag.
1085 1528 1222 1554 CCXIV.
1274 1519 1386 1554 Porro
1411 1520 1481 1555 fuit
1506 1522 1537 1555 is
1562 1526 1583 1542 “
1601 1523 1656 1556 vir
1681 1524 1718 1557 in

335 1579 466 1613 divinis
490 1578 682 1622 Scripturis
707 1575 1002 1616 eruditissimus‚”
1020 1576 1071 1611 ait
1090 1576 1312 1611 Trithemius
1329 1577 1389 1612 lib.
1413 1578 1456 1612 de
1482 1578 1719 1623 Scriptoribus

335 1634 591 1670 Ecclesiasticis
620 1645 702 1680 pag.
734 1641 927 1667 CCLXVIv.
959 1637 981 1652 “
1006 1637 1042 1667 et
1075 1633 1114 1667 in
1143 1634 1314 1668 saeculari
1344 1634 1567 1680 philosophia
1595 1636 1719 1670 nobili-

335 1697 390 1726 ter
414 1692 548 1731 doctus,
573 1691 716 1736 ingenio
744 1694 938 1735 praestans,
961 1691 1100 1735 eloquio
1125 1690 1365 1732 scholasticus,
1389 1692 1546 1726 moribus
1576 1697 1611 1727 et
1640 1704 1720 1728 con-

337 1749 535 1783 versatione
564 1748 774 1792 praecipuus
787 1748 818 1788 ;''
848 1748 910 1792 qui
939 1752 1081 1793 gentem
1110 1751 1214 1787 tacet,
1244 1748 1299 1782 uti
1330 1752 1366 1782 et
1393 1747 1528 1783 Anton.
1560 1748 1720 1783 Possevi-

338 1817 405 1840 nus
423 1805 596 1849 Apparat.
616 1803 710 1838 Sacr.
728 1816 808 1850 pag.
823 1812 996 1839 CXXXIV.
1015 1808 1050 1838 et
1061 1804 1183 1838 sixtus
1197 1804 1303 1838 etiam
1317 1803 1502 1839 Senensis:
1520 1806 1571 1839 ita
1584 1805 1719 1840 Scotiae

339 1863 453 1897 fatum
484 1866 547 1895 est.
600 1860 693 1895 Sixti
724 1865 808 1895 sunt
836 1861 944 1894 haec:
971 1864 992 1879 “
1018 1860 1229 1900 Richardus,
1251 1861 1444 1895 monachus
1467 1866 1502 1896 et
1524 1862 1621 1906 prior
1644 1873 1717 1896 coe-

338 1919 434 1954 nobii
468 1918 645 1953 Victorini
676 1916 890 1957 Pariensis,”
924 1917 1040 1951 nescio
1074 1928 1120 1951 an
1149 1921 1241 1951 recte
1270 1917 1425 1961 priorem
1458 1918 1575 1958 faciat,
1611 1919 1721 1953 ambi-

337 1987 394 2022 go,
426 1980 447 1996 “
474 1975 608 2008 ordinis
634 1974 891 2008 Canonicorum
917 1972 1251 2018 Augustinensium‚
1282 1975 1339 2008 vir
1368 1974 1551 2009 honestate
1577 1986 1720 2009 conver-

339 2032 487 2066 sationis
520 2035 555 2064 et
589 2030 797 2064 eruditionis
830 2031 945 2076 gloria
978 2030 1196 2074 conspicuus,
1230 2031 1372 2076 ingenio
1402 2031 1553 2071 subtilis,
1588 2037 1622 2066 et
1652 2032 1719 2066 elo·

340 2089 424 2133 quio
460 2087 607 2126 medius,
642 2087 735 2120 inter
769 2086 967 2132 Augustini
997 2087 1174 2132 argutiam
1212 2091 1248 2121 et
1287 2087 1462 2121 Bernardi
1500 2089 1718 2122 dulcedinem

340 2145 514 2183 incedens,
540 2144 682 2187 scripsit
708 2144 821 2177 multa
847 2144 885 2176 in
912 2143 1050 2177 divinas
1076 2143 1276 2187 Scripturas
1301 2145 1442 2189 mystici
1464 2156 1586 2179 sensus
1617 2156 1720 2189 opus·

340 2203 429 2241 cula,
459 2201 496 2234 in
526 2200 654 2244 quibus
690 2200 906 2234 intellectum
944 2200 1071 2240 erudit,
1109 2200 1274 2234 affectum
1307 2202 1474 2242 accendit,
1510 2206 1546 2236 et
1579 2202 1717 2235 lectoris

340 2258 498 2292 studium
516 2257 561 2291 ad
578 2257 713 2302 majora
730 2260 913 2300 promovet
931 2261 965 2290 et
984 2256 1177 2300 producit.''
1213 2256 1328 2291 Addit
1344 2257 1400 2291 Jo.
1416 2258 1583 2293 Balaeus:
1603 2263 1623 2278 ‘⁶
1639 2257 1719 2292 Dis-

340 2319 483 2359 putator
512 2315 669 2348 omnium
698 2313 753 2347 sui
781 2313 950 2357 temporis
982 2313 1238 2347 acutissimus.”
1289 2313 1398 2348 Plura
1425 2314 1480 2349 Jo.
1511 2315 1630 2361 Major
1654 2315 1714 2349 lib.
