2060 2848
385 296 449 326 610
767 294 1001 328 HISTORIA
1025 294 1400 328 ECCLESIASTICA
1457 299 1460 301 “

387 395 493 431 errat,
511 400 594 424 nam
615 400 730 424 annus
748 388 819 424 fuit
842 399 932 425 mx.
985 389 1056 424 Hic
1081 389 1127 425 ab
1152 389 1231 435 aliis
1257 389 1294 424 S.
1319 389 1481 425 Helanus
1497 389 1639 424 dicitur.
1692 389 1785 424 Vide

388 447 447 482 lib.
468 456 558 482 V111.
576 457 695 492 supra.

818 562 854 597 S.
884 561 1165 598 TRESANUS.
1244 561 1262 596 1
1269 564 1287 596 1
1294 564 1312 596 1
1319 564 1352 597 3.

386 678 423 713 S.
442 677 663 713 TRESANUS
681 682 717 712 et
733 678 810 722 ipse
829 687 921 711 unus
939 687 983 710 ex
1000 686 1063 711 sex
1080 675 1264 716 fratribus,
1283 676 1356 721 qui,
1371 675 1407 711 S.
1422 676 1627 711 Gibirinum
1641 687 1685 711 ex
1699 675 1781 711 Sco-

387 736 438 770 tia
456 736 579 776 secuti,
607 734 781 769 Gallicam
806 745 872 768 sua
896 733 1029 778 pietate
1055 732 1289 778 Campaniam
1315 733 1478 768 bearunt.
1530 731 1623 768 Vide
1649 734 1785 769 laudati

387 793 468 827 libri
487 793 616 827 locum.
669 790 811 835 Scripta
827 790 948 825 omnia
965 790 1136 834 temporis
1154 789 1289 836 injuria
1306 790 1501 835 perierunt.

436 850 579 885 Floruit
596 860 677 884 cum
695 848 867 884 fratribus
886 859 979 882 anno
998 856 1086 882 DIX.
1105 847 1162 881 vel
1180 855 1317 882 DXXII.
1341 852 1384 882 ut
1401 852 1595 882 ostensum.
1648 847 1787 883 Colitur

387 907 443 941 die
463 916 524 941 111.
542 906 730 942 Decembr.
779 905 915 941 Molan.
934 904 1056 940 Natal.
1075 903 1138 939 SS.
1158 904 1288 951 Belgii,
1306 909 1343 940 et
1360 904 1538 952 Georgius
1556 905 1787 941 Colvenerius

387 964 432 999 ad
450 964 703 1000 Flodoardum.

733 1077 770 1113 S.
798 1076 1078 1112 TOTANEUS
1103 1077 1284 1114 ABBAS.
1339 1080 1447 1113 1114.

387 1194 422 1229 S.
452 1194 689 1235 TOTANEUS,
721 1193 757 1227 S.
786 1192 980 1228 Columbae
1011 1193 1126 1227 socius
1158 1204 1199 1227 ac
1225 1192 1432 1238 discipulus,
1458 1203 1523 1227 nec
1548 1204 1570 1227 a
1596 1193 1784 1228 sanctitate

386 1251 550 1297 magistri
580 1262 759 1291 exerrans,
791 1262 832 1285 eo
862 1250 900 1284 in
930 1249 1143 1285 Hiberniam
1173 1250 1452 1291 transmittente,
1483 1250 1521 1284 in
1549 1249 1638 1285 Iona
1667 1251 1787 1285 insula

385 1309 582 1343 multorum
600 1308 671 1343 fuit
689 1308 945 1343 monachorum
962 1311 1075 1352 pater.
1112 1306 1217 1342 Hect.
1232 1307 1361 1343 Boeth.
1376 1307 1438 1343 lib.
1454 1317 1513 1342 IX.
1530 1308 1669 1343 Hister.
1687 1307 1781 1342 Scot.

385 1376 467 1411 pag.
488 1374 647 1400 CLXVH.
667 1369 703 1400 et
720 1365 865 1399 annales
883 1364 957 1398 alii.
1009 1363 1160 1409 Scripsit

539 1423 716 1469 Regulam
734 1423 779 1457 ad
797 1422 943 1456 Fratres
1282 1422 1344 1458 lib.
1364 1431 1390 1457 1.

437 1481 580 1515 Floruit
598 1491 691 1515 anno
710 1488 820 1515 Dcvl.
864 1478 887 1512 J
890 1490 1021 1514 oannes
1039 1479 1207 1515 Leslaeus
1225 1480 1286 1515 lib.
1302 1488 1357 1515 1v.
1378 1491 1460 1527 pag.
1479 1488 1577 1516 CLII.
1598 1480 1785 1516 Iota'neum

387 1544 501 1574 vocat.
546 1538 718 1573 Sanctum
736 1537 908 1572 miracula
927 1537 1097 1572 continua
1109 1537 1281 1579 fecerunt,
1295 1538 1347 1573 ait
1360 1537 1649 1573 Scotichronicon
1667 1539 1727 1574 lib.
1747 1546 1783 1571 v.

386 1607 461 1641 cap.
481 1605 556 1630 X11.

782 1694 819 1729 S.
848 1692 1156 1730 TIMOTHEUS
1181 1693 1224 1728 P.
1278 1695 1386 1727 1115.

388 1768 423 1803 S.
444 1768 708 1808 Tmonmns,
727 1768 864 1803 Romae
881 1774 988 1815 natus
1006 1772 1108 1812 patre
1125 1767 1161 1802 S.
1177 1768 1341 1803 Pudente
1358 1771 1531 1808 senatore,
1551 1772 1666 1803 matre
1679 1767 1784 1803 Clau-

387 1826 447 1861 dia
464 1826 579 1866 Secta,
606 1826 649 1860 de
667 1837 738 1870 qua
762 1837 871 1871 supra
895 1826 962 1861 hoc
988 1836 1093 1870 opere
1115 1825 1177 1860 lib.
1197 1834 1258 1860 111.
1282 1824 1395 1860 frater
1417 1824 1489 1859 fuit
1514 1824 1551 1860 S.
1575 1825 1722 1867 Novati,
1749 1831 1784 1861 et

387 1883 449 1918 SS.
469 1883 642 1918 Praxedis
660 1888 695 1917 et
714 1882 972 1925 Pudentianae,
999 1887 1042 1917 ut
1059 1882 1120 1917 lib.
1139 1891 1232 1917 X111.
1261 1887 1297 1918 et
1321 1883 1382 1917 lib.
1402 1889 1474 1917 XV·
1501 1887 1555 1918 est
1580 1887 1785 1918 ostensum:

387 1952 477 1987 quae
495 1940 544 1975 ibi
563 1940 658 1975 dicta
675 1941 733 1975 hic
751 1952 823 1975 non
840 1945 973 1986 repeto.
1026 1939 1176 1984 Scripsit

536 1997 739 2043 Epistolam
757 1998 802 2032 ad
820 1997 976 2039 Sorores,
995 2009 1086 2044 quae
1100 1996 1179 2031 MS.
1194 1997 1233 2031 in
1246 1996 1471 2032 Bibliotheca
1483 1996 1660 2032 Vaticana
1673 2002 1783 2038 extat,

585 2059 629 2090 ut
645 2059 799 2090 testatur
816 2056 998 2090 illustriss.
1017 2054 1148 2090 Caesar
1170 2053 1350 2090 Baronius
1375 2055 1471 2089 notis
1496 2055 1542 2089 ad
1567 2054 1784 2101 Martyrolo-

584 2113 686 2159 gium
704 2113 762 2147 die
780 2122 869 2147 XXI.
888 2112 912 2147 J
914 2113 990 2147 ulii.

436 2169 579 2205 Floruit
597 2180 690 2204 anno
709 2177 839 2205 LXXX.
859 2174 922 2205 aut
939 2168 1090 2205 circiter.
1129 2168 1222 2205 Vide
1235 2168 1497 2216 Martyrologia
1513 2169 1599 2204 locis
1616 2168 1783 2204 laudatis.

795 2268 832 2303 S.
860 2267 1140 2303 TARVANUS
1165 2267 1213 2303 A.
1266 2266 1374 2303 1116.

389 2340 425 2375 S.
457 2340 698 2383 TARVANUS,
730 2341 1015 2387 archiepiscopus
1046 2341 1230 2376 Pictorum
1263 2352 1305 2375 ea
1334 2345 1545 2387 tempestate
1574 2348 1646 2386 qua
1676 2341 1784 2375 Picti-

388 2409 427 2433 ca
469 2409 556 2445 gens
599 2403 635 2433 et
675 2409 838 2446 regnum,
882 2398 1045 2434 funditus
1085 2399 1212 2439 excisa,
1255 2398 1293 2433 in
1332 2398 1519 2434 Scotorum
1558 2408 1683 2445 regum
1726 2398 1782 2432 de-
