2060 2848
376 310 439 343 490
761 305 995 340 HISTORIA
1019 305 1392 340 ECCLESIASTICA

380 416 453 444 rus,
471 404 583 438 frater
602 403 751 438 Roberti
770 403 911 438 comitis
930 403 1177 442 Leicaestriae,
1196 403 1328 437 electus
1347 401 1533 446 episcopus
1552 400 1587 436 S.
1608 400 1775 436 Andreae

380 463 417 496 in
435 461 565 503 Scotia,
583 463 744 497 ordinem
764 462 956 496 sacerdotis
973 466 1008 495 et
1026 460 1265 505 pontificalem
1291 460 1592 494 consecrationem
1616 460 1774 504 suscepit

380 532 401 555 a
419 519 607 555 Matthaeo
626 521 791 565 episcopo
816 520 859 553 de
885 519 1106 554 Aberdene.”
1157 517 1212 552 De
1230 529 1271 552 eo
1291 518 1426 552 Hector
1445 517 1619 552 Boethius
1644 518 1705 551 lib.
1733 518 1776 551 de

380 578 613 613 Pontificibus
630 577 947 612 Aberdonensibus
973 578 1087 622 plura,
1117 577 1179 610 sed
1204 587 1293 621 opus
1320 576 1410 611 illud
1435 586 1509 610 non
1535 580 1587 610 est
1618 576 1707 609 mihi
1734 576 1777 609 ad

379 647 537 671 manum.
590 636 741 681 Scripsit

526 694 581 728 De
599 693 839 738 Exemptione
857 692 952 726 Cleri
1271 691 1332 725 lib.
1355 700 1378 725 1.

527 752 570 786 In
589 751 790 797 Evangelia
807 751 850 784 de
868 749 1007 783 Sanctis
1272 749 1334 783 lib.
1354 757 1379 782 1.

527 809 761 844 Lucidarium
781 806 1070 841 Ecclesiasticum
1272 806 1333 840 lib.
1355 815 1378 840 x.

427 867 578 902 sedebat
595 878 689 901 anno
709 873 886 899 Mcxcxx.

689 980 990 1016 GULIELMUS
1018 979 1322 1014 MALVAISIN.
1376 982 1461 1017 928.

378 1105 399 1120 “
417 1100 679 1138 GULIELMUS,
699 1097 896 1131 Malvaisin
915 1100 1163 1142 cognomento,
1188 1095 1416 1129 Glascuensis
1443 1096 1607 1130 ecclesiae
1635 1097 1777 1135 electus,

377 1158 563 1192 ordinatus
582 1162 635 1191 est
654 1157 690 1190 in
715 1153 935 1189 sacerdotem
961 1153 1056 1198 apud
1083 1152 1305 1198 Lugdunum
1326 1153 1371 1188 ab
1390 1177 1665 1188 ..........
1685 1154 1778 1199 ejus-

376 1217 455 1250 dem
484 1215 640 1250 civitatis
668 1213 943 1257 archiepiscopo,
968 1221 1026 1261 lx.
1051 1211 1185 1245 calend.
1213 1210 1391 1251 Octobris,
1418 1212 1584 1245 videlicet
1610 1212 1666 1245 die
1693 1211 1779 1246 Sab-

376 1274 476 1308 bathi
507 1278 663 1318 quatuor
688 1277 890 1316 temporum
917 1269 1079 1314 proxime
1110 1274 1193 1302 ante
1224 1268 1356 1302 festum
1388 1269 1424 1303 S.
1453 1269 1653 1309 Michaelis,
1680 1274 1715 1303 et
1740 1270 1779 1303 in

377 1332 543 1371 crastino,
562 1330 694 1365 ibidem
713 1330 857 1367 scilicet,
876 1328 933 1361 die
959 1327 1150 1361 Dominico
1176 1332 1402 1361 consecratus
1428 1331 1483 1361 est
1509 1327 1547 1360 in
1572 1327 1779 1372 episcopum

376 1389 631 1423 Glascuensem
663 1388 708 1421 ab
730 1387 851 1421 eodem
880 1385 1145 1429 archiepiscopo
1171 1394 1233 1428 per
1260 1384 1472 1419 mandatum
1497 1383 1646 1419 Domini
1674 1384 1780 1419 Inno-

377 1447 483 1481 centii
503 1446 621 1490 Papae
642 1444 734 1479 ΙΙΙ.”
787 1443 863 1478 Nec
881 1444 924 1477 de
943 1454 984 1477 eo
1001 1443 1116 1487 plura.
1170 1440 1263 1487 Ejus
1283 1444 1336 1476 est

523 1504 579 1538 De
599 1502 784 1538 Miraculis
803 1502 837 1535 S.
856 1501 1006 1534 Niniani
1124 1500 1186 1534 lib.
1207 1508 1232 1533 Ι.

523 1561 618 1596 Acta
636 1561 766 1595 Sancti.
778 1559 991 1604 Kentigerni
1124 1557 1185 1591 lib.
1207 1567 1232 1591 1.
1252 1558 1375 1592 laudat
1394 1557 1637 1593 Mombritius.

428 1620 603 1654 Inunctus
621 1625 674 1653 est
692 1629 786 1652 auno
809 1626 890 1651 Mcc
898 1625 941 1650 11.
960 1615 1156 1650 translatus
1175 1616 1219 1649 ad
1238 1616 1420 1649 ecclesiam
1439 1615 1475 1649 S.
1493 1615 1672 1656 Andreae,
1688 1616 1779 1650 sedit

380 1687 503 1712 xxm.
557 1677 660 1711 Obiit
691 1685 765 1710 vn.
792 1676 873 1709 idus
902 1674 993 1708 Julii
1022 1684 1115 1707 anno
1143 1681 1415 1708 mccxxxvm.
1468 1672 1688 1708 Scotichron.
1717 1674 1777 1707 lib.

382 1745 453 1771 vu.
472 1747 547 1780 cap.
571 1743 656 1768 xm.

789 1848 824 1882 S.
852 1844 1228 1882 MAGILMUMEN.
1282 1847 1366 1884 929.

381 1969 416 2002 S.
432 1968 472 2002 M
478 1974 743 2002 AmLMtJMEN
761 1964 969 2002 monachus,
988 1962 1141 1996 Romam
1160 1961 1448 2007 peregrinatione
1466 1960 1633 1996 instituta
1646 1967 1781 2006 petens,

382 2035 425 2060 ex
448 2026 575 2060 itinere
597 2026 778 2059 divertens
796 2021 1008 2056 Aelfredum
1027 2032 1146 2066 regem
1166 2020 1322 2065 Angliae
1339 2020 1517 2058 convenit,
1544 2031 1650 2065 quem
1669 2020 1782 2054 virtu-

382 2089 459 2118 tum
474 2095 619 2118 suarum
635 2082 790 2116 reddidit
803 2079 1055 2114 admiratorem
1070 2088 1079 2117 ;
1100 2077 1168 2112 fuit
1184 2079 1276 2111 enim
1294 2081 1315 2096 “
1330 2077 1468 2111 artibus
1483 2077 1663 2118 frondens,
1678 2078 1782 2112 litera

381 2142 516 2181 doctus,
536 2142 706 2187 magister
723 2138 875 2185 insignis
893 2136 1113 2175 Scotorum‚”
1139 2136 1191 2170 ait
1217 2134 1464 2169 Ethelweldus
1483 2135 1690 2169 Chronicor.
1719 2135 1779 2168 lib.

385 2206 439 2233 lv.
491 2198 641 2243 Scripsit
917 2189 919 2191 ¹

529 2258 716 2290 Sermones
736 2255 778 2289 de
797 2253 948 2292 Sanctis,
967 2252 1012 2286 ad
1032 2251 1166 2297 Regem
1186 2250 1410 2290 Aelfredum,
1474 2250 1534 2283 lib.
1557 2259 1581 2283 1.
1615 2272 1619 2275 >

532 2313 588 2347 De
606 2313 899 2359 Peregrinatione
916 2311 961 2344 ad
980 2307 1077 2344 Loca
1094 2313 1218 2342 sancta
1474 2307 1535 2341 lib.
1557 2315 1582 2341 1.

433 2371 734 2418 Peregrinabatur
752 2378 847 2404 anno
868 2377 1058 2402 Deccxm.
1112 2365 1253 2401 Colitur
1273 2374 1329 2400 lx.
1349 2365 1549 2400 Februarii.
