2060 2848
701 280 876 313 GENTIS
901 280 1176 320 SCOTORUM,
1200 280 1289 314 LIB.
1310 282 1410 314 XIX.
1690 282 1753 315 665

515 375 570 409 De
587 374 867 420 Cosmographia
1203 375 1264 410 lib.
1284 385 1309 410 1.

516 432 588 466 Res
605 431 744 465 Scotiae
762 431 1008 466 memorabiles
1205 433 1266 467 lib.
1287 442 1313 467 1.

512 488 684 522 Lecturas
702 499 784 522 suas
1207 490 1268 524 lib.
1289 499 1313 524 1.
1362 488 1446 524 Alia
1459 500 1564 535 opera
1576 489 1749 526 habentur

563 544 670 579 MSS.
688 545 726 579 in
744 545 913 580 Foxiensi
931 545 1153 581 bibliotheca.

418 602 559 637 Floruit
577 613 670 637 anno
689 611 925 637 mccchxv.

700 717 862 753 DAVID
887 717 1180 753 WATERSON
1205 718 1258 753 Μ.
1312 720 1416 756 1187.

366 834 505 869 DAVID
523 832 726 874 VVaterson,
746 833 951 874 Carmelita,
969 833 1111 879 scripsit

511 890 567 925 De
584 890 683 926 Viris
701 891 804 925 claris
822 890 969 925 Ordinis
986 892 1043 925 sui
1249 891 1309 927 lib.
1330 901 1354 926 x.

514 949 725 983 Sermonum
743 948 1009 992 Repositorium
1249 950 1310 984 lib.
1331 958 1356 983 1.
1421 948 1622 995 Utrumque
1660 961 1748 996 opus

564 1005 803 1039 Kreimondae
821 1006 866 1039 ab
882 1006 1068 1040 haereticis
1086 1005 1157 1040 fuit
1175 1011 1437 1052 consumptum.

414 1064 542 1099 Clarus
560 1067 636 1097 erat
655 1074 749 1097 anno
768 1071 951 1096 Mnxxlv.

699 1175 933 1211 JOANNES
958 1175 1191 1211 WOUREM
1220 1177 1261 1212 Ρ.
1315 1180 1422 1212 1188.

364 1294 387 1327 J
391 1301 556 1328 OANNES
574 1291 758 1332 ⁷Wourem,
776 1303 839 1327 seu
856 1291 1019 1337 W’yrem,
1040 1291 1082 1337 [l.
1101 1291 1308 1338 Wynram‚]
1328 1291 1544 1338 Andreapoli
1562 1293 1748 1328 canonicus

364 1350 549 1397 regularis,
568 1350 711 1394 scripsit

513 1406 777 1441 catechismum
795 1406 897 1441 Fidei
1250 1407 1311 1441 lib.
1333 1415 1358 1441 1.

413 1465 554 1500 Floruit
570 1475 665 1499 anno
684 1472 863 1499 MDXLVI.
882 1465 968 1499 dum
986 1475 1042 1499 res
1060 1475 1123 1510 per
1139 1464 1352 1511 interregem
1370 1464 1687 1499 administraretur.

695 1578 909 1613 THOMAS
934 1578 1266 1614 WINTERHOP.
1319 1580 1426 1617 1189.

370 1695 544 1730 THOMAS
561 1693 777 1738 VVinterhop
795 1691 1019 1727 Glaseuensis
1037 1692 1163 1727 celebri
1180 1693 1323 1728 nomine
1342 1692 1404 1728 diu
1417 1692 1564 1728 Parisiis
1578 1693 1746 1728 substitit.

365 1744 514 1790 Scripsit

511 1799 660 1834 Moralis
679 1798 930 1843 Philosophiae
947 1798 1205 1843 Compendium
1247 1798 1308 1832 lib.
1329 1806 1353 1831 1.

514 1856 727 1903 Apologiam
745 1867 810 1900 pro
827 1855 987 1900 Epicuro
1248 1855 1307 1889 lib.
1329 1863 1353 1888 1.
1372 1865 1443 1899 quo
1461 1865 1564 1900 opere
1577 1855 1665 1889 nihil
1679 1856 1746 1889 ela-

560 1913 731 1947 horatius.

414 1973 553 2007 Claruit
570 1982 663 2006 anno
683 1979 820 2006 MDLII.

708 2093 969 2129 HENRICUS
993 2093 1252 2130 VARDLAU.
1305 2097 1409 2134 1190.

368 2210 583 2245 ΗΕΝΒῐουε
608 2208 778 2250 Vardlau,
809 2207 846 2243 S.
877 2207 1043 2244 Andreae
1079 2210 1118 2244 in
1151 2209 1269 2244 Scotia
1303 2210 1497 2255 episcopus,
1533 2215 1555 2231 “
1580 2212 1636 2246 vir
1667 2223 1747 2249 san-

365 2267 533 2303 ctimonia
564 2266 659 2301 vitae
694 2265 789 2310 apud
825 2276 945 2300 omnes
981 2266 1283 2310 probatissimus,”
1318 2267 1369 2301 ait
1403 2266 1537 2302 Hector
1572 2267 1746 2304 Boethius

367 2324 427 2360 lib-
462 2332 564 2360 xv11.
605 2322 743 2361 Hister.
782 2322 876 2358 Scot.
910 2333 991 2370 pag·
1028 2331 1220 2359 cccxmx.
1251 2322 1383 2360 Jacobo
1412 2323 1442 2359 Ι.
1476 2325 1563 2372 regi,
1593 2325 1638 2360 ab
1670 2326 1747 2362 An.

1021 2382 1043 2414 2
1062 2388 1091 2415 Y
