2060 2848
377 295 441 331 498
757 293 991 328 HISTORIA
1014 292 1388 329 ECCLESIASTICA

381 392 499 438 regiae
515 390 667 426 abusum
685 391 771 425 lusit
789 390 1084 437 ingeniosissime,
1103 395 1145 424 ut
1163 390 1251 424 mihi
1271 390 1424 425 videtur.

682 463 742 492 Cur
755 467 834 491 stant
848 461 938 491 clausi
953 461 1059 500 Anglis
1071 460 1138 490 libri
1153 461 1210 490 duo
1224 461 1300 500 regis
1314 460 1345 490 in
1359 470 1418 497 ara,

723 509 850 538 Lumina
864 519 946 538 caeca
960 508 1026 541 duo,
1041 509 1172 547 pollubra
1185 509 1260 537 sicca
1274 508 1354 537 duo?

681 557 729 585 An
745 556 857 585 cultum
871 565 1032 594 nomenque
1046 555 1104 584 Dei
1118 561 1199 584 tenet
1215 555 1323 593 Anglia
1337 555 1467 584 clausum
1479 557 1490 584 Ξ*

723 603 849 632 Lumine
864 613 947 632 caeca
960 612 1020 636 suo,
1035 602 1116 631 sorde
1130 602 1245 641 sepulta
1257 612 1318 631 sua.

432 678 534 712 Obiit
560 688 653 711 anno
682 685 845 711 MDcxx.
873 685 976 709 carus
1006 674 1164 709 Hem-ico
1195 675 1382 710 Bullionae
1408 674 1502 716 duci,
1528 686 1601 721 quo
1627 688 1664 711 se
1695 682 1775 721 post

384 735 580 769 custodiam
598 734 837 780 Anglicanam
856 733 1066 771 contulerat,
1086 737 1121 766 et
1134 733 1211 777 jam
1231 733 1268 765 in
1286 733 1416 766 ultima
1441 734 1633 768 senectutis
1658 735 1776 780 ingra-

385 792 558 826 vescentis
575 791 721 835 periodo
739 789 870 823 dicitur
888 788 1013 821 Musas
1027 788 1237 833 juveniliter
1255 790 1404 823 coluisse
1419 800 1428 830 ;
1448 791 1506 823 vir
1518 791 1611 824 bono
1628 792 1680 824 rei
1698 792 1776 824 lite-

384 850 498 883 rariae
515 853 632 888 natus,
651 848 680 881 si
699 847 744 881 ab
756 846 893 880 haeresi
912 855 1025 889 prava
1037 845 1246 879 educatione
1263 856 1335 879 non
1352 845 1481 880 fuisset
1494 852 1683 892 corruptus
1699 858 1708 888 ;
1734 849 1777 882 de

384 917 454 951 quo
472 910 591 940 tamen
609 905 744 944 dubito,
763 914 847 937 nam
865 903 986 936 audivi
1007 902 1232 936 Catholicum
1251 903 1453 937 excessisse.

775 1053 778 1055 .
817 1015 1202 1051 MATTHISONUS.
1253 1016 1337 1055 946.

385 1136 698 1174 MATTHISONUS,
712 1132 843 1167 Neraci
855 1132 917 1165 diu
928 1132 1107 1177 gymnasii
1122 1131 1333 1176 praefectus,
1347 1132 1457 1168 bonas
1473 1138 1567 1168 artes
1581 1134 1723 1175 docuit3
1742 1140 1778 1169 et

384 1191 528 1227 tandem
546 1192 722 1226 laborioso
742 1191 803 1224 illo
821 1199 927 1223 onere
944 1188 1116 1232 deposito,
1130 1188 1399 1224 advocationem
1417 1200 1605 1225 causarum
1623 1190 1661 1224 in
1679 1202 1779 1226 sena-

384 1257 426 1285 tu
442 1249 700 1295 Burdegalensi
720 1253 755 1282 et
780 1247 884 1282 avide
910 1246 1063 1290 arripuit
1089 1251 1124 1280 et
1149 1245 1323 1281 honorate
1349 1253 1499 1289 exercet,
1525 1249 1615 1282 nulli
1641 1252 1778 1294 togato-

384 1317 476 1348 rum,
493 1311 536 1341 ut
553 1306 672 1346 audio,
690 1305 878 1340 secundus,
929 1302 1057 1337 Edidit

533 1363 816 1397 Declamationes
836 1361 1008 1405 quasdam
1027 1359 1254 1395 scholasticas
1272 1360 1406 1396 forensi
1424 1362 1498 1396 ritu
1598 1362 1660 1396 lib.
1681 1371 1706 1395 1.

532 1419 867 1466 Encyclopaediam,
894 1417 1063 1452 decennio
1080 1422 1157 1452 toto
1174 1418 1402 1460 elaboratam,
1416 1420 1494 1466 jam
1513 1419 1658 1461 emittit,
1682 1430 1780 1465 mag-

584 1489 651 1512 nae
668 1478 743 1522 spei
760 1487 861 1522 opus,
912 1475 973 1509 lib.
993 1484 1019 1508 1.

434 1536 538 1572 Vivit
556 1535 696 1576 Neraci,
716 1539 751 1569 et
768 1535 887 1568 forum
905 1537 1021 1567 ornat.

781 1630 945 1666 DAVID
972 1629 1255 1667 MAKYNIUS.
1306 1634 1389 1671 947.

388 1711 528 1745 DAVID
548 1708 746 1754 Makynius
764 1705 1030 1740 Aberdonensis
1056 1715 1100 1738 ex
1125 1706 1238 1741 nimia
1263 1707 1374 1741 studii
1400 1705 1609 1742 assiduitate
1634 1718 1780 1754 gravem

390 1769 516 1814 capitis
535 1766 698 1801 morbum
718 1764 907 1803 contraxit,
925 1763 988 1807 qui
1006 1773 1043 1796 se
1069 1773 1132 1807 per
1156 1774 1260 1798 nares
1287 1775 1485 1799 exonerans
1511 1764 1555 1798 ad
1581 1766 1782 1810 quaerenda

391 1826 547 1860 remedia
573 1826 609 1858 in
637 1823 805 1869 Belgium
827 1820 999 1866 proficisci
1023 1823 1216 1865 compulit3
1247 1823 1308 1856 sed
1334 1823 1551 1857 medicorum
1577 1835 1643 1868 ope
1669 1824 1782 1858 incas-

392 1896 471 1918 sum
490 1883 690 1928 implorata,
709 1881 753 1915 ad
771 1890 853 1914 suos
871 1879 988 1918 rediit,
1007 1883 1043 1912 et
1054 1879 1241 1924 juventuti
1259 1880 1473 1914 erudiendae
1491 1891 1528 1914 se
1546 1881 1705 1922 addixit3
1726 1882 1782 1914 vir

390 1953 541 1988 magnae
576 1951 616 1974 ac
645 1938 847 1973 reconditae
877 1933 1099 1978 eruditionis,
1131 1938 1303 1972 memoria
1332 1937 1440 1972 etiam
1470 1937 1509 1971 in
1538 1938 1660 1983 paucis
1689 1949 1780 1973 rara.

391 2000 539 2044 Scripsit

543 2056 587 2090 In
617 2054 791 2099 Sibyllina
821 2053 975 2087 Oracula
1050 2052 1111 2087 lib.
1145 2062 1172 2086 1.
1248 2063 1320 2087 non
1354 2052 1444 2087 falsa
1477 2053 1621 2097 quidem
1655 2053 1717 2087 illa
1749 2059 1782 2088 et

589 2111 800 2151 adulterina,
836 2111 1091 2155 doctorumque
1123 2110 1274 2145 lectione
1308 2111 1467 2157 indigna,
1502 2120 1593 2155 quae
1627 2115 1705 2145 octo
1743 2111 1784 2144 li-

588 2170 662 2204 bris
693 2168 1006 2209 circumferuntur,
1038 2168 1099 2202 sed
1133 2168 1171 2201 in
1202 2179 1286 2203 vera
1320 2168 1536 2213 Sibyllarum
1572 2167 1783 2213 fragmenta,

591 2238 681 2271 quae
716 2231 856 2261 eruerat
890 2237 934 2259 ex
961 2224 1122 2266 Platone,
1153 2224 1358 2265 Aristotele,
1393 2224 1593 2264 Plutarcho,
1621 2223 1782 2264 Aeliano,

591 2284 782 2324 Pausania,
817 2283 962 2317 Justino
998 2282 1226 2327 Philosopho,
1261 2282 1419 2317 Diodoro
1453 2281 1582 2322 Siculo,
1624 2281 1784 2316 Clemen-

592 2346 627 2376 te
671 2340 928 2382 Alexandrino,
973 2340 1164 2385 Stephano,
1208 2339 1406 2380 Eustratio‚
1451 2339 1611 2380 Hermia,
1664 2338 1784 2379 Suida‚
