2060 2848
384 309 448 338 444
770 308 1002 341 HISTORIA
1027 307 1399 342 ECCLESIASTICA

390 409 409 421 ·‘
428 404 678 437 nonnullorum
697 403 861 447 pernicie,
880 404 1036 448 plurium
1056 405 1222 449 periculo,
1242 404 1385 449 reginae
1404 415 1487 437 suae
1506 403 1726 443 inserviret‚”
1745 405 1782 437 in

387 461 581 494 custodiam
601 460 755 495 Londini
782 462 897 501 datus,
916 463 1011 506 quod
1029 463 1123 495 inter
1150 461 1325 495 Thomam
1355 461 1579 499 Hovardum,
1607 460 1781 495 Norfolcii

388 519 522 558 (lucem,
555 526 590 552 et
622 518 773 552 Mariam
803 519 982 552 dominam
1012 531 1123 558 suam,
1155 519 1280 564 ignara
1305 518 1436 564 Angla,
1464 518 1607 562 nuptias
1635 522 1782 552 tractas-

387 582 461 615 set3
482 581 515 610 et
535 576 669 610 diutius
683 577 858 615 detentus,
877 577 972 621 quod
990 578 1083 610 inter
1101 576 1177 620 ejus
1190 575 1329 609 chartas
1344 575 1631 615 commentarius,
1647 575 1779 621 ignotis

387 633 498 666 literis
517 634 680 677 scriptus,
700 634 878 674 inventus,
897 635 1132 678 suspicionem
1160 643 1279 666 rerum
1306 632 1543 666 maximarum
1572 633 1780 667 intenderet.

387 690 429 723 Id
455 697 574 724 actum
600 700 653 725 lv,
681 692 727 724 id.
761 691 925 725 Octobris
954 702 1048 724 anno
1076 699 1259 724 MDLXXI.
1286 688 1445 735 August.
1474 689 1617 723 Thuan.
1644 690 1705 724 lib.
1727 699 1779 724 111.

388 748 579 782 Historiar.
599 754 634 783 et
651 753 731 793 post
749 759 885 782 menses
910 748 1054 782 omnino
1081 757 1168 781 xlx.
1197 747 1366 780 liberatus
1384 747 1555 787 custodia,
1574 746 1709 793 Anglia
1727 753 1780 781 est

386 806 481 839 abire
494 806 629 851 jussus,
648 811 683 839 et
701 817 783 839 mox
802 806 839 838 in
859 805 993 839 Gallias
1021 805 1171 850 trajecit.
1224 804 1317 850 Ejus
1336 809 1460 839 extant
1482 805 1606 843 multa,
1633 804 1781 838 felicita-

385 868 454 896 tem
474 864 606 909 ingenii
627 863 818 903 testantia3
846 863 883 896 in
902 863 970 903 his,

531 920 585 954 De
604 921 722 955 Gestis
741 926 776 955 et
795 920 959 954 Moribus
979 920 1166 955 Scotorum
1506 920 1567 955 lib.
1588 928 1641 953 VI.

532 978 585 1012 De
604 978 854 1012 Consolatione
874 978 909 1011 in
929 978 1087 1012 adversis
1503 977 1564 1011 lib.
1586 986 1627 1011 11.

531 1036 584 1070 De
602 1036 625 1069 J
629 1048 690 1070 ure
709 1036 846 1069 Mariae
865 1035 1030 1069 Stuartae
1049 1036 1092 1069 ad
1112 1035 1278 1081 Regnum
1297 1035 1452 1081 Angliae
1502 1035 1563 1069 lib.
1584 1044 1609 1068 1.

530 1094 655 1127 Oratio
673 1104 737 1137 pro
756 1093 939 1127 Libertate
1497 1093 1558 1126 lib.
1580 1102 1605 1126 1.

528 1150 582 1184 De
601 1151 830 1184 Feminarum
850 1150 1059 1195 Principatu
1499 1150 1558 1183 lib.
1580 1159 1604 1183 1.

528 1208 711 1252 Epistolae
730 1207 889 1254 Reginae
907 1209 1049 1242 nomine
1067 1210 1110 1242 ad
1131 1209 1314 1253 Principes
1332 1208 1555 1242 Christianos
1595 1208 1655 1242 lib.
1677 1218 1701 1241 1.

528 1265 611 1299 Duo
642 1265 833 1300 Tractatus
865 1265 968 1299 MSS.
1006 1261 1046 1299 ¹in
1079 1266 1289 1300 bibliotheca
1318 1266 1411 1312 regis
1440 1265 1595 1311 Magnae
1634 1266 1778 1300 Britan-

576 1324 656 1357 niae
1495 1323 1555 1356 lib.
1577 1332 1601 1357 Ι.

529 1381 707 1427 Apologia
731 1392 797 1424 pro
827 1392 863 1414 se
890 1382 949 1415 lib.
979 1390 1003 1414 1.
1036 1382 1119 1415 dum
1154 1386 1326 1415 metueret
1352 1393 1374 1414 a
1401 1380 1527 1414 comite
1559 1380 1776 1425 Southamp-

576 1438 703 1478 toniae,
733 1449 838 1483 quem
870 1439 907 1472 in
942 1439 1036 1473 vitae
1071 1440 1259 1473 discrimen
1303 1443 1503 1477 vocaverat,
1539 1442 1574 1472 et
1602 1438 1647 1472 ab
1675 1438 1773 1472 Hen-

576 1496 648 1530 rico
685 1496 877 1537 Howardo,
908 1497 1007 1531 ducis
1034 1496 1207 1531 Norfolcii
1236 1496 1358 1530 fratre.
1423 1496 1589 1530 Gulielm.
1622 1495 1774 1530 Camde-

575 1566 642 1587 nus
660 1556 735 1588 loco
754 1555 908 1594 laudato,
926 1555 970 1588 ad
985 1566 1116 1588 annum
1137 1555 1300 1588 videlicet
1319 1562 1538 1588 MDLXXIII.

430 1611 529 1645 Obiit
547 1622 640 1644 anno
661 1620 854 1644 MDXC1VI.
875 1612 1064 1646 Bruxellis.
1119 1612 1303 1645 Aubertus
1325 1611 1484 1645 Miraeus
1503 1611 1636 1645 Chron.

707 1784 984 1819 DUNCANUS
1012 1785 1301 1819 LIDDELIUS.
1356 1787 1438 1818 824.

382 1900 609 1933 DUNCANUS
628 1900 821 1940 Liddelius,
852 1901 1022 1934 educante
1053 1901 1206 1934 Doctore
1237 1900 1378 1946 Cragio,
1406 1901 1584 1945 professor
1610 1901 1771 1946 publicus

380 1957 414 1989 in
435 1958 613 1991 academia
629 1957 652 1990 J
656 1958 738 1997 ulia,
757 1970 797 1992 ac
815 1958 1008 1992 medicinae
1026 1959 1182 1992 lauream
1202 1959 1363 2002 adeptus,
1382 1959 1525 2002 scripsit

524 2015 578 2048 De
597 2014 688 2049 Arte
705 2016 841 2050 medica
1251 2016 1312 2050 lib.
1334 2026 1358 2050 1.

527 2071 579 2105 De
615 2072 788 2107 Febribus
842 2074 901 2107 lib.
933 2082 992 2106 111.
1046 2073 1204 2117 Principi
1240 2072 1393 2108 Walliae
1432 2073 1588 2108 Henrico
1623 2075 1770 2118 inscrip-

573 2136 638 2164 tos.

524 2187 792 2230 Disputationes
820 2188 1048 2222 Medicinales
1096 2189 1154 2222 lib,
1185 2198 1209 2222 1.
1264 2188 1478 2223 Prodierunt
1502 2195 1584 2223 ante
1602 2189 1767 2223 tredecim

575 2257 684 2279 annos
704 2246 951 2280 Helmestadii.

525 2302 566 2335 In
611 2303 780 2347 quosdam
825 2303 1021 2338 Alexandri
1067 2304 1240 2338 Tralliani
1276 2309 1312 2337 et
1346 2303 1499 2337 Cornelii
1537 2303 1629 2338 Celsi
1674 2305 1767 2338 locos

575 2360 850 2395 Observationes
1246 2361 1305 2395 lib.
1326 2370 1351 2394 1.
