2060 2848
738 277 969 310 HISTORIA
993 278 1372 313 ECCLESIASTICA.
1685 283 1748 315 637

368 383 452 407 vero
468 371 628 406 absimile
643 380 652 404 ε
670 371 795 405 deinde
813 371 921 405 etiam
937 373 1098 417 sequitur
1115 373 1150 407 S.
1169 372 1400 418 Arnulphum
1416 378 1521 420 gente
1538 374 1647 409 fuisse
1664 375 1745 410 Sco-

368 435 456 469 tum,
469 428 564 473 quod
574 438 646 462 non
657 428 762 462 modo
773 433 881 474 negat
891 428 1095 464 Stemmatis
1106 429 1352 476 Lotharingici
1363 435 1486 465 auctor
1497 430 1674 472 Rozieres,
1686 434 1746 466 sed

366 491 403 519 et
419 486 578 530 plerique
595 485 672 530 ejus
690 485 784 519 vitae
801 485 862 518 alii
880 485 1078 529 scriptores,
1096 486 1191 530 apud
1208 486 1344 521 Bedam
1361 492 1446 522 tom.
1467 496 1492 521 1.
1533 487 1673 522 Colitur
1690 489 1746 521 die

367 550 439 576 xx.
458 541 634 576 Octobris.
686 541 987 588 Martyrologium
1003 541 1255 589 Anglicanum.

668 655 703 689 S.
731 654 1040 691 WINFREDUS
1064 655 1145 691 AB.
1173 657 1219 691 R.
1246 657 1286 691 F.
1338 659 1444 692 1153.

365 771 399 803 S.
419 769 689 810 WINFREDUS,
708 769 778 803 alio
795 770 938 804 nomine
955 769 1157 804 Fridelinus
1177 775 1334 811 vocatus,
1360 770 1515 805 Conrani
1532 771 1667 807 Scotiae
1693 785 1746 807 re-

365 828 421 872 gis
439 826 542 867 filius,
559 825 700 872 Angiae
717 825 883 872 Seckingi
900 827 1105 861 monasterii
1123 827 1167 861 ad
1185 827 1351 862 Rhenum
1369 828 1561 863 monachus
1574 834 1609 863 et
1626 830 1742 864 abbas.

364 884 520 918 Joaunes
538 883 705 918 Leslaeus
723 884 783 918 lib.
802 892 856 917 IV.
876 883 972 918 Petr.
991 883 1168 927 Cratepol.
1187 884 1231 918 de
1248 883 1415 929 Episcop.
1434 883 1599 919 German.
1619 891 1656 920 et
1671 887 1742 921 alii.

365 940 456 974 Vide
473 940 533 974 lib.
553 949 606 974 vl.
625 940 692 974 hoc
708 951 812 985 opere
827 951 936 985 supra
952 941 991 975 in
1008 938 1048 975 S.
1067 938 1270 982 Fridelino,
1288 940 1439 976 Arnold.
1458 940 1589 977 Uvion.
1609 942 1667 977 lib.
1689 952 1740 977 Vl.

364 1008 440 1041 cap.
460 1006 576 1031 XXIV.
628 996 770 1032 Floruit
786 1008 880 1031 anno
898 1005 996 1031 DLX.

747 1110 783 1145 S.
809 1109 1126 1145 WILHELMUS
1151 1110 1196 1145 E.
1250 1113 1356 1146 1154.

364 1226 402 1260 S.
416 1225 696 1266 WlLflELMUS,
710 1225 893 1270 episcopus
907 1226 944 1259 in
958 1225 1178 1266 Cathenesia,
1191 1225 1330 1271 generis
1345 1217 1539 1266 nobilitate,
1558 1227 1619 1260 sed
1632 1228 1743 1260 multo

364 1282 477 1329 magis
494 1282 692 1323 sanctitate,
709 1283 837 1322 clarus,
855 1283 996 1327 scripsit

509 1339 564 1373 De
581 1339 682 1374 Bello
702 1350 801 1374 sacro
826 1339 1058 1383 suscipiendo,
1082 1340 1127 1373 ad
1151 1339 1263 1373 Cruce
1288 1339 1458 1385 signatos,
1483 1340 1544 1374 lib.
1564 1349 1589 1374 1.
1609 1339 1685 1374 MS.
1705 1341 1742 1374 in

563 1396 773 1431 bibliotheca
791 1396 998 1431 Florentina
1015 1395 1163 1431 Gaddia.

412 1453 515 1488 Vixit
532 1464 624 1487 anno
644 1461 806 1488 MXCVH.
858 1452 998 1487 Colitur
1014 1453 1071 1487 die
1090 1462 1144 1487 VI.
1162 1452 1338 1488 Januarii.
1389 1452 1549 1488 Breviar.
1569 1453 1661 1488 Scot.

802 1566 838 1601 s,
866 1538 1081 1601 v1M1Nus
1106 1566 1149 1601 E.
1203 1569 1308 1601 1155.

364 1683 400 1716 S.
431 1682 616 1716 V1M1Nus
651 1681 840 1726 episcopali
869 1681 1002 1716 honore
1030 1692 1137 1727 quam
1164 1681 1296 1716 rexerit
1330 1682 1520 1723 ecclesiam,
1557 1682 1738 1716 incertum.

365 1739 513 1784 Scripsit
533 1766 535 1768 .
1351 1766 1355 1771 .

512 1794 701 1829 Lecturam
718 1795 757 1828 in
775 1794 937 1829 Thronos
1243 1796 1304 1830 lib.
1325 1805 1349 1829 1.

511 1842 762 1886 Meditationes
779 1851 817 1885 in
836 1851 1049 1885 Psalterium
1246 1852 1306 1885 lib.
1328 1861 1354 1885 1.

412 1908 551 1943 Claruit
567 1919 660 1942 anno
678 1916 826 1941 DCCXV.
877 1907 1017 1942 Colitur
1038 1907 1095 1941 die
1119 1916 1206 1942 XXI.
1232 1906 1395 1942 Januarii
1419 1909 1559 1953 templis
1581 1919 1652 1943 non
1669 1919 1739 1943 uno

363 1967 464 2013 regni
481 1967 557 2000 loco
574 1965 606 1999 ei
624 1965 759 1999 erectis.
810 1964 970 1999 Breviar.
990 1964 1083 1999 Scot.
1103 1969 1138 1999 et
1154 1964 1339 1999 Calendar.
1358 1963 1490 1998 Adami
1509 1964 1624 2011 Regii.

730 2078 765 2112 S.
793 2077 1143 2113 WASNULPHUS
1168 2078 1213 2112 E.
1267 2076 1372 2112 1156.

364 2195 399 2227 S.
432 2193 721 2227 VVASNULPHUS
750 2192 929 2233 Quilhort,
964 2203 1027 2226 seu
1059 2191 1307 2239 Vagnulphus,
1343 2197 1385 2226 ut
1419 2191 1490 2232 alii,
1528 2202 1571 2226 ex
1609 2192 1738 2236 episco-

364 2263 410 2295 po
427 2249 630 2285 monachus.
685 2248 834 2283 Arnold.
859 2249 979 2284 Uvion
1004 2249 1065 2284 lib.
1093 2258 1153 2284 111.
1177 2249 1283 2295 Ligu.
1309 2247 1415 2283 Vitae
1439 2259 1520 2295 pag.
1539 2256 1737 2283 cccxxlu.

364 2308 504 2342 Colitur
542 2307 580 2341 in
617 2306 845 2341 condatensii
884 2306 1094 2341 Harmoniae
1131 2306 1257 2341 celebri
1294 2305 1483 2346 territorio,
1522 2305 1616 2350 quod
1654 2306 1737 2339 titu-

363 2365 446 2399 laris
488 2364 682 2410 episcopus,
724 2368 766 2398 ut
806 2363 964 2409 loquitur
1005 2362 1186 2399 Aubertus
1230 2362 1387 2398 Miraeus
1428 2362 1489 2397 lib.
1537 2362 1580 2396 de
1625 2361 1737 2395 Cano-
