2060 2848
667 299 842 332 GENTIS
867 298 1143 336 SCOTORUM,
1167 298 1257 329 LIB.
1280 298 1343 330 IX.
1646 297 1709 328 373

513 393 698 428 Divisione
718 394 779 428 lib.
801 403 826 427 1.
852 394 948 438 quod
974 404 1062 438 opus
1088 397 1190 427 caute
1216 392 1415 438 legendum,
1442 402 1525 424 nam
1550 402 1593 424 ex
1617 391 1707 424 mira

516 451 650 496 ingenii
668 451 877 490 subtilitate,
895 462 1084 495 rerumque
1102 450 1239 496 ingenti
1259 449 1441 488 varietate,
1460 448 1633 488 nonnulli,
1648 459 1707 482 an-

517 519 592 542 sam
611 508 890 553 reprehendendi
908 509 1128 552 arripientes,
1155 507 1331 541 haeretico
1357 505 1496 539 affinem
1522 506 1599 540 ausi
1625 512 1708 540 sunt

517 566 709 600 criminari.
763 565 1019 600 VVestmonast.

467 624 554 658 Divi
581 623 749 668 Dionysii
778 623 909 657 librum
938 624 981 657 de
1010 623 1142 657 divinis
1170 621 1386 656 Nominibus
1411 620 1543 656 Latina
1566 621 1709 655 civitate

516 682 663 716 donavit
705 681 766 714 lib.
804 690 829 714 1.
877 693 984 725 quem
1023 692 1104 715 cum
1146 680 1225 714 aliis
1266 680 1431 724 operibus
1473 679 1631 725 ejusdem
1673 679 1711 711 in

517 738 689 773 Latinum
708 739 892 772 transtulit
912 738 936 772 J
938 738 1119 772 oachimus
1137 737 1325 771 Perionius
1343 737 1598 771 Benedictinus
1616 747 1709 770 anno

519 804 667 829 MDLVI.
686 795 788 841 cujus
806 799 926 829 tamen
944 796 1059 829 versio
1077 796 1181 841 longe
1198 795 1259 829 isti
1277 799 1330 829 est
1348 795 1505 829 inferior.

471 853 645 899 Ejusdem
671 853 779 886 libros
806 853 849 886 de
877 852 1088 886 Hierarchia
1113 851 1265 886 Coelesti
1291 852 1329 885 in
1354 851 1526 886 Latinum
1556 855 1712 885 transtu-

520 911 562 944 lit
600 911 660 944 lib.
695 920 720 943 1.
782 910 915 943 Marini
950 921 1062 954 papae
1096 910 1254 953 epistola,
1291 914 1326 943 et
1360 908 1550 943 Aelfredus
1582 919 1644 942 rex
1673 909 1712 941 in

520 968 661 1011 scriptis
680 968 754 1001 suis
772 979 844 1001 non
862 968 981 1000 semel.
1034 966 1112 1000 Hos
1130 967 1238 1000 libros
1266 971 1287 985 “
1305 966 1488 1000 Ludovico
1506 966 1712 1010 imperatori

523 1025 631 1070 legati
674 1024 860 1058 Michaelis
902 1024 1127 1068 imperatoris
1168 1024 1262 1057 inter
1297 1028 1433 1057 caetera
1470 1034 1618 1056 munera
1653 1022 1713 1056 ob-

522 1082 714 1121 tulerunt‚''
751 1082 802 1115 ait
834 1080 1007 1127 Sigebert.
1038 1079 1300 1114 Gemblacensis
1335 1079 1467 1114 Chron.
1503 1080 1548 1113 ad
1578 1090 1711 1113 annum

524 1147 748 1173 DCCCXXIV.
801 1138 845 1172 Id
862 1149 951 1182 opus
969 1149 1040 1172 non
1063 1138 1159 1171 solus
1184 1137 1208 1170 J
1210 1148 1340 1171 oannes
1358 1141 1478 1171 noster
1494 1137 1713 1174 traduxerat,

521 1197 582 1230 sed
600 1201 635 1230 et
651 1195 868 1230 Anastasius
886 1195 1184 1230 Bibliothecarius
1203 1195 1295 1229 circa
1318 1195 1413 1229 idem
1430 1206 1540 1239 paene
1558 1199 1709 1238 tempus.

520 1253 627 1298 Bapt.
647 1253 791 1288 Platina
808 1254 846 1287 in
863 1252 886 1286 J
889 1264 1001 1287 oanne
1019 1252 1087 1286 IX.

475 1315 496 1330 “
514 1311 695 1350 Quaedam
714 1315 855 1345 nostrae
878 1310 1060 1356 religionis
1086 1310 1288 1344 acutissime
1311 1310 1492 1354 disputata
1517 1310 1714 1354 composuit

520 1369 582 1403 lib.
602 1368 648 1401 1.”
666 1368 718 1402 ait
735 1368 879 1402 Platina
897 1367 1038 1401 ibidem.

474 1425 666 1470 Excerpta,
703 1426 778 1459 sive
812 1424 1008 1459 Defloratio
1042 1424 1283 1464 Macrobiam,
1313 1424 1374 1458 lib.
1404 1434 1429 1458 1.
1464 1435 1547 1458 nam
1578 1425 1616 1458 in
1648 1424 1715 1458 fine

523 1483 605 1516 libri
623 1484 666 1516 de
684 1481 896 1516 Differentia
913 1486 948 1516 et
966 1481 1139 1516 Societate
1158 1482 1282 1516 Graeci
1298 1481 1489 1526 Latinique
1502 1481 1612 1516 Verbi
1631 1482 1716 1515 haec

522 1540 700 1574 habentur
716 1549 724 1573 :
752 1544 773 1558 “
791 1538 973 1583 Explicita
991 1538 1173 1573 defloratio
1191 1539 1234 1572 de
1251 1539 1342 1573 libro
1368 1538 1551 1573 Ambrosii
1577 1539 1717 1573 Macro-

521 1598 571 1632 bii
590 1597 794 1637 Theodosii,
814 1607 921 1641 quam
939 1596 1095 1630 Joannes
1119 1601 1299 1639 carpserat
1325 1597 1369 1630 ad
1395 1597 1578 1630 discendas
1607 1596 1716 1630 Grae-

521 1665 643 1689 corum
682 1653 870 1688 verborum
910 1653 1083 1699 regulas.''
1147 1652 1281 1687 Isacius
1327 1653 1522 1693 Pontanus,
1560 1653 1584 1686 J
1587 1665 1715 1687 oannes

523 1712 743 1756 Opsopoeus,
762 1716 798 1745 et
816 1711 945 1745 Petrus
965 1710 1134 1745 Pithoeus
1153 1711 1195 1744 de
1213 1711 1279 1745 hoc
1304 1716 1427 1745 nostro
1451 1710 1475 1744 J
1477 1722 1589 1745 oanne
1618 1712 1719 1745 intel-

520 1769 701 1815 ligendum
720 1773 860 1812 putant.

473 1826 679 1860 Aristotelis
698 1825 851 1859 Moralia
868 1826 911 1859 de
929 1824 1079 1859 Secretis
1098 1825 1331 1866 Secretorum,
1349 1827 1424 1861 sive
1441 1827 1484 1861 de
1502 1831 1598 1861 recto
1616 1826 1719 1860 Prin-

523 1884 642 1927 cipum
671 1882 871 1928 Regimine,
899 1894 917 1916 e
946 1882 1082 1916 Graeco
1112 1883 1150 1916 in
1181 1883 1419 1923 Chaldaicam,
1451 1883 1653 1923 Arabicam,
1684 1890 1718 1917 et

525 1940 692 1973 Latinam
716 1940 892 1973 convertit
916 1940 977 1974 lib.
999 1948 1024 1973 1.
1051 1939 1228 1974 Nauclero
1246 1945 1388 1974 auctore
1406 1941 1500 1985 apud
1519 1940 1718 1975 Gilbertum

524 1996 790 2030 Genebrardum
809 1996 1067 2042 chronologiae
1084 2008 1166 2043 pag.
1186 2006 1330 2031 DXLIV.

383 2054 593 2088 Urbanitate
610 2053 701 2087 mira
718 2053 827 2087 fuisse
845 2054 1073 2097 perhibetur:
1098 2055 1169 2088 duo
1195 2055 1271 2100 ejus
1298 2055 1598 2101 apophthegmata
1615 2056 1652 2089 id
1670 2060 1719 2090 te-

328 2112 528 2150 stabuntur,
547 2122 658 2144 unum
680 2110 828 2144 mordax
852 2121 946 2149 sane,
968 2115 1004 2144 et
1026 2112 1136 2145 nimia
1159 2111 1323 2145 libertate
1348 2113 1503 2153 salsum;
1533 2113 1607 2158 regi
1625 2114 1720 2146 enim

328 2171 420 2203 iuter
438 2169 558 2212 epulas
583 2168 729 2211 petenti,
757 2172 778 2186 ‘⁶
797 2168 882 2211 qujd
901 2168 995 2201 inter
1011 2171 1124 2202 sotum
1140 2174 1176 2203 et
1193 2168 1338 2202 Scotum
1356 2169 1524 2204 interesse
1545 2171 1719 2214 putaret,”

327 2226 519 2269 respondit,
550 2230 570 2244 ‘⁶
596 2225 758 2258 Mensam
772 2225 803 2264 ;''
833 2229 954 2258 notam
982 2224 1149 2259 infamiae
1175 2237 1195 2259 a
1224 2237 1261 2260 se
1290 2227 1328 2259 in
1354 2238 1474 2273 regem
1499 2232 1717 2272 retorquens.

327 2282 503 2322 Alterum,
522 2288 594 2316 tres
612 2282 664 2315 illi
693 2282 805 2326 pisces
831 2293 903 2316 una
928 2282 966 2315 in
992 2283 1179 2327 paropside
1204 2283 1313 2318 oblati
1339 2289 1434 2324 sunt,
1459 2289 1501 2319 ut
1526 2285 1721 2329 partiretur

327 2351 406 2373 cum
430 2340 567 2373 duobus
594 2340 672 2373 aliis
701 2339 846 2379 clericis,
875 2350 997 2373 mensa
1020 2340 1127 2374 etiam
1157 2341 1251 2386 regis
1277 2342 1456 2386 exceptis3
1483 2342 1634 2387 piscium
1660 2354 1721 2376 au-

329 2404 400 2431 tem
419 2397 489 2431 duo
507 2397 659 2442 grandes
677 2401 790 2436 erant,
816 2396 880 2431 hos
907 2396 974 2431 sibi
1000 2408 1187 2432 asservans
1212 2398 1362 2443 pusillae
1387 2403 1545 2434 staturae
1570 2400 1720 2434 homun-

1007 2462 1033 2486 G
