2060 2848
433 520 934 576 HISTORIAE
978 519 1743 576 ECCLESIASTICAE

725 629 1006 679 GENTIS
1044 628 1446 677 SCOTORUM

933 751 1119 791 LIBER
1148 751 1247 791 XII.

851 895 887 930 S.
915 894 1191 930 MACARIUS.
1245 897 1328 930 828.

397 998 417 1012 ‘⁵
437 992 472 1026 S.
497 991 717 1025 MACARIUS
740 989 877 1030 Scotus,
906 993 942 1023 et
966 988 1104 1032 primus
1128 988 1235 1022 abbas
1259 989 1354 1033 apud
1378 988 1603 1034 Herbipolim
1621 990 1659 1023 in
1677 989 1788 1024 Fran-

394 1049 526 1089 conia,'’
544 1048 595 1082 ait
612 1046 794 1081 Antonius
810 1046 1027 1080 Possevinus
1043 1045 1219 1090 Apparat.
1236 1046 1331 1080 Sacr.
1346 1058 1427 1092 pag.
1447 1056 1624 1081 CCCLXx.
1643 1047 1788 1082 Monas-

395 1108 526 1141 terium
544 1105 641 1139 istud
660 1104 846 1138 Scotorum
864 1104 902 1137 in
919 1103 1188 1149 peregrinorum
1207 1104 1373 1149 gratiam,
1399 1104 1563 1148 precibus
1590 1104 1787 1139 Christiani

395 1164 501 1203 Scoti‚
520 1163 733 1196 fundaverat
753 1162 961 1202 Embricho‚
976 1161 1160 1205 episcopus
1176 1161 1457 1206 Herbipolensis,
1471 1166 1513 1195 ut
1526 1162 1648 1196 literae
1662 1162 1789 1196 funda-

396 1222 503 1256 tionis
516 1220 666 1260 habent3
686 1231 838 1264 quarum
857 1219 1037 1265 exemplar
1053 1223 1133 1262 pete
1147 1229 1168 1252 a
1181 1218 1205 1251 J
1206 1230 1319 1253 oanne
1338 1219 1540 1253 Trithemio
1559 1219 1597 1252 in
1612 1218 1788 1253 Chronico

395 1278 606 1313 Monasterii
625 1277 660 1311 S.
679 1277 702 1311 J
705 1278 815 1317 acobi,
834 1288 852 1310 e
870 1288 941 1321 quo
958 1276 1044 1310 haec
1062 1277 1213 1319 paucula
1230 1288 1249 1310 e
1267 1277 1390 1311 multis
1409 1277 1568 1321 excerpsi
1584 1288 1592 1311 ε
1619 1277 1664 1311 ad
1682 1289 1787 1322 quem

395 1339 511 1371 locum
525 1336 682 1380 primum
697 1335 860 1369 abbatem
874 1334 1017 1368 nomine
1029 1333 1179 1367 Macarii
1191 1334 1404 1374 habuerunt,
1420 1339 1583 1368 sanctum
1595 1346 1658 1379 per
1669 1336 1788 1369 omnia

395 1395 524 1434 virum,
543 1393 645 1438 cujus
663 1392 862 1426 sanctitatis
881 1391 1064 1426 evidenter
1081 1391 1225 1437 signum
1242 1391 1418 1436 probavit,
1437 1393 1533 1436 quod
1551 1392 1594 1426 de
1616 1393 1692 1438 ejus
1716 1404 1787 1427 me-

393 1451 473 1485 ritis
491 1451 617 1484 vinum
635 1450 672 1483 in
691 1461 820 1494 aquam
838 1460 956 1483 coram
974 1448 1125 1482 testibus
1139 1449 1326 1490 convertit,
1342 1449 1536 1495 Peregrino
1554 1450 1679 1485 abbate
1693 1451 1788 1484 vide·

395 1510 476 1543 licet
506 1509 548 1541 de
583 1507 618 1541 S.
650 1507 871 1547 Burchardo,
907 1505 1096 1540 Gebhardo
1130 1507 1333 1551 praeposito
1368 1507 1410 1540 de
1444 1518 1538 1542 novo
1572 1508 1787 1542 monasterio

394 1566 528 1606 Burbo,
557 1565 715 1599 Henrico
743 1564 957 1605 Mukellino,
987 1563 1111 1610 Iringo
1137 1564 1180 1597 de
1206 1563 1417 1605 Zabelstein,
1452 1570 1486 1599 et
1513 1565 1639 1599 ceteris
1664 1566 1787 1600 multis

395 1630 469 1658 tam
492 1623 626 1657 clericis
653 1634 760 1667 quam
789 1622 898 1656 laicis.
951 1621 1003 1656 Ut
1029 1622 1187 1666 primum
1213 1626 1352 1655 creatus
1378 1622 1485 1656 abbas
1512 1622 1666 1656 Romam
1691 1634 1788 1666 pere-

394 1681 631 1727 grinationem
663 1680 827 1724 suscepit,
865 1683 1097 1723 receptusque
1127 1678 1265 1724 ingenti
1296 1690 1376 1713 cum
1402 1680 1538 1714 laetitia
1565 1691 1586 1713 a
1612 1680 1786 1724 pontifice,

395 1739 646 1772 miraculorum
666 1738 780 1783 gloria
799 1737 836 1770 in
855 1737 967 1781 ipsius
985 1736 1162 1780 pontificis
1181 1747 1303 1770 mensa
1320 1738 1458 1771 claruit.
1511 1737 1661 1783 Scripsit

542 1795 597 1829 De
616 1795 739 1828 Laude
758 1795 963 1839 Martyrum
1012 1794 1073 1828 lib.
1094 1803 1118 1828 Ι.
1146 1793 1370 1840 Eisingrinio
1388 1799 1541 1829 auctore.

541 1852 595 1886 De
625 1852 811 1886 Scotorum
841 1852 879 1886 in
915 1851 1107 1886 Germania
1135 1851 1364 1886 Monasteriis
1415 1853 1476 1886 lib.
1509 1861 1534 1886 1.
1569 1854 1665 1898 quod
1699 1865 1787 1898 opus

590 1910 730 1944 utinam
749 1910 793 1943 ad
811 1921 938 1943 manus
960 1920 1055 1943 meas
1081 1910 1312 1954 pervenisset,
1339 1911 1495 1944 multum
1518 1911 1613 1944 enim
1638 1911 1785 1946 subsidii

587 1968 708 2001 liceret
725 1967 807 2000 inde
825 1978 977 2011 sperare.

545 2024 726 2069 Epistolas
745 2025 790 2058 ad
808 2024 1014 2070 Eugenium
1033 2024 1102 2058 ΙΙΙ.
1122 2024 1258 2069 Papam
1409 2025 1470 2059 lib.
1491 2035 1516 2059 Ι.

444 2082 554 2117 Venit
572 2093 615 2116 ex
634 2082 751 2116 Scotia
769 2083 807 2116 in
825 2082 1061 2116 Franconiam
1080 2094 1173 2116 anno
1192 2091 1405 2117 MCXXXIX.
1431 2088 1639 2128 creatusque
1657 2088 1711 2118 est
1728 2084 1787 2118 ab·

394 2141 455 2174 bas
475 2141 596 2175 eodem
615 2151 719 2174 anno.
772 2139 874 2174 Obiit
892 2151 985 2174 anno
1005 2148 1155 2173 MCLIII.
1183 2141 1343 2185 sepultus
1369 2141 1407 2174 in
1433 2141 1577 2175 ecclesia
1602 2142 1687 2176 dicti
1714 2152 1787 2176 mo-

395 2198 552 2237 nasterii,
571 2208 650 2231 cum
668 2198 734 2231 hac
752 2197 980 2242 inscriptione
997 2209 1006 2231 :

491 2255 569 2289 Hic
589 2264 718 2289 JACET
738 2255 968 2295 MACAums,
988 2264 1140 2289 PRIMUS
1158 2264 1287 2290 ABBAs
1306 2264 1435 2290 HUJUS
1453 2264 1695 2296 EchEslAE,

590 2320 667 2345 PER
682 2321 802 2349 QUEM
817 2312 929 2347 DEUs
943 2322 1094 2350 AQUAM
1110 2321 1155 2346 IN
1175 2321 1315 2346 VINUM
1334 2321 1583 2346 CONVERTlT.

444 2369 619 2403 Miracula
649 2369 692 2403 ab
725 2368 802 2415 [eo]
838 2371 895 2404 vel
921 2370 1087 2404 defuncto
1118 2371 1240 2404 divina
1268 2370 1402 2404 virtute
1428 2375 1631 2414 perpetrata
1657 2370 1785 2405 haben-

394 2433 453 2461 tur
488 2427 584 2471 apud
613 2426 637 2460 J
639 2438 789 2461 oannem
825 2427 1070 2462 Trithemium
1106 2429 1182 2462 loco
1212 2428 1356 2462 laudato
1372 2441 1382 2471 3
1418 2428 1547 2472 quibus
1586 2428 1785 2462 addendum
