2060 2848
699 336 875 368 GENTIS
899 336 1174 376 SCOTORUM,
1198 338 1286 370 LIB.
1311 338 1388 370 XV.
1668 340 1731 372 539

640 484 912 519 PATRICIUS
938 485 1279 521 PANETARIUS.
1333 489 1439 522 1023.

349 599 573 632 PATRICIUS
610 597 833 639 Panetarius,
868 599 1047 633 doctrinae
1081 600 1185 633 laude
1218 605 1254 634 et
1288 600 1504 645 professione
1538 602 1728 639 Parisiensi

348 656 514 700 inclytuS,
535 656 595 690 sed
614 656 728 690 multo
745 656 859 702 magis
877 656 1087 700 prudentiae
1100 656 1243 691 dotibus
1260 657 1427 698 celebris;
1447 669 1517 703 quo
1534 660 1675 694 nomine
1691 662 1728 694 in

347 712 463 747 arcani
483 713 622 747 concilii
640 717 811 747 secretum
832 713 1008 747 admissus
1026 724 1047 747 a
1063 712 1087 746 J
1088 714 1195 748 acobo
1214 713 1278 749 IV.
1296 725 1390 760 rege,
1409 715 1520 750 edidit
1538 717 1582 750 ad
1599 727 1680 751 eum

495 769 662 804 Politicas
680 770 956 804 Observationes
1332 772 1392 806 lib.
1413 781 1437 806 1.

397 826 536 861 claruit
553 838 648 861 anno
667 836 803 861 MDXX.
824 826 972 861 Hectori
989 827 1142 862 Boethio
1161 828 1329 873 aequalis.

723 941 746 974 J
749 940 855 975 OAN
857 940 955 975 NES
981 940 1198 976 PAPARO.
1253 944 1357 977 1024.

348 1054 371 1088 J
374 1062 540 1089 OANNES
556 1054 707 1099 Paparo,
725 1054 936 1099 apostolicae
955 1054 1048 1088 sedis
1060 1065 1124 1098 per
1138 1054 1292 1090 Scotiam
1307 1060 1342 1090 et
1356 1055 1567 1091 Hiberniam
1580 1059 1730 1104 legatus,

348 1117 385 1145 et
422 1111 623 1152 cardinalis,
667 1111 878 1145 auctoritate
917 1110 1074 1156 Eugenii
1114 1111 1184 1146 III.
1227 1112 1420 1148 Hiberniae
1460 1114 1732 1160 archiepiscopa-

349 1174 408 1203 tus
426 1173 580 1214 quatuor
597 1168 768 1207 instituit,
789 1166 1069 1209 Armachanum,
1092 1168 1360 1211 Dublinensem,
1379 1170 1637 1212 Cassiliensem‚
1660 1172 1734 1207 Tu-

348 1236 537 1264 amensem‚
567 1230 610 1260 ut
639 1236 683 1259 ex
713 1225 871 1259 Baronio
901 1225 1036 1270 colligit
1063 1226 1101 1260 in
1131 1226 1359 1272 Geographia
1386 1227 1634 1263 Ecclesiastica
1658 1228 1734 1263 Au-

349 1283 471 1317 bertus
498 1282 668 1316 Miraeus.
721 1281 829 1316 Hunc
846 1293 930 1316 sane
948 1282 1158 1328 Onuphrius
1184 1283 1387 1318 Romanum
1413 1284 1509 1325 facit,
1536 1284 1628 1319 forte
1652 1287 1736 1330 quia

351 1340 486 1374 Romae
520 1344 645 1374 natum
680 1351 723 1374 ex
754 1339 939 1383 Paparone
969 1339 1030 1374 illo
1065 1341 1184 1384 equite
1213 1340 1275 1385 qui
1306 1341 1535 1375 clarissimam
1572 1352 1648 1376 eam
1685 1343 1735 1377 fa-

350 1398 486 1432 miliam
510 1397 647 1432 Romae
671 1397 848 1436 ftmdavit,
876 1401 918 1430 ut
947 1408 1056 1441 supra
1079 1397 1146 1431 hoc
1171 1402 1327 1432 tractatu
1351 1398 1484 1432 dictum
1511 1409 1586 1443 cap.
1614 1408 1733 1434 xvlu.

349 1449 500 1500 Scripsit

500 1512 560 1546 Ad
578 1511 755 1546 Ecclesias
773 1510 929 1546 Scoticas
1336 1512 1396 1547 lib.
1416 1522 1441 1547 1.

403 1569 574 1603 Hibernis
600 1568 922 1612 archiepiscopatus
948 1568 1158 1603 instituebat
1182 1580 1276 1603 anno
1299 1577 1414 1603 Mem.
1442 1580 1505 1603 nec
1521 1571 1624 1615 plura
1641 1582 1737 1615 repe-

352 1628 394 1661 ri.
448 1626 623 1670 Corrupte
646 1625 821 1659 «Ioannem
853 1625 1026 1670 Papirum
1057 1630 1159 1660 vocat
1186 1626 1350 1672 Rogerus
1377 1626 1419 1660 de
1451 1626 1625 1662 Hoveden
1654 1639 1733 1673 pag.

352 1691 552 1718 CCLXXXI.

770 1796 793 1830 J
795 1797 839 1831 Ο.
868 1796 1155 1831 PATRICIUS.
1209 1798 1316 1831 1025.

355 1911 417 1945 Jo.
449 1911 673 1945 PATRICIUS
704 1910 902 1944 Banfiensis
938 1910 1127 1954 Seraphico
1162 1910 1277 1944 ordini
1311 1920 1348 1943 se
1377 1914 1493 1944 totum
1524 1911 1738 1955 mancipavit

356 1968 591 2008 Aberdoniae‚
626 1972 707 2012 post
741 1967 920 2013 legitimos
946 1967 985 2000 in
1015 1967 1116 2001 bonis
1147 1966 1283 2000 artibus
1314 1967 1448 2007 titulos,
1479 1967 1739 2012 maximamque

362 2025 515 2060 nominis
549 2025 859 2063 existimationem,
901 2024 1043 2068 pietatis
1084 2024 1269 2068 praeconia
1308 2024 1502 2058 certissima
1542 2023 1739 2058 habiturus.

366 2088 387 2103 ‘⁶
401 2083 545 2127 Optime
557 2083 601 2115 de
615 2081 793 2115 Francisc.
811 2081 911 2127 relig.
930 2081 1108 2120 meritus,''
1126 2081 1177 2114 ait
1190 2080 1316 2114 Franc.
1335 2079 1504 2126 Gonzaga
1516 2085 1608 2125 part.
1624 2089 1684 2114 111.
1698 2082 1741 2115 de

360 2141 462 2186 Orig.
494 2139 639 2183 Seraph.
668 2138 785 2184 Relig.
821 2150 902 2184 pag.
940 2146 1192 2171 Deccxnvm.
1220 2148 1300 2172 cum
1326 2145 1456 2171 Lxxx.
1487 2137 1657 2172 fratribus
1688 2149 1741 2172 sa-

360 2196 558 2231 cerdotibus
576 2207 620 2230 ex
637 2195 756 2229 Scotia
774 2195 810 2228 in
834 2195 998 2241 Belgium
1024 2195 1174 2239 trajecit,
1199 2198 1235 2228 et
1260 2205 1324 2238 pro
1348 2198 1529 2228 constante
1554 2193 1634 2228 fidei
1661 2206 1739 2229 con-

361 2254 511 2287 fessione
529 2258 763 2298 spontaneum
788 2252 934 2285 exilium
959 2252 1114 2295 passus,’'
1141 2251 1291 2285 violatae
1316 2252 1491 2297 majorum
1516 2251 1641 2295 pietati
1667 2253 1739 2285 exi-

361 2311 473 2345 mium
492 2310 735 2345 testimonium
753 2308 945 2354 perhibuit.
998 2307 1147 2352 Scripsit

460 2367 644 2402 Sermones
658 2367 703 2401 ad
717 2366 861 2401 Fratres
875 2366 918 2399 de
933 2365 1110 2400 Patientia
1125 2364 1342 2412 Evangelica
1354 2365 1414 2399 lib.
1430 2374 1456 2399 1.
1475 2364 1553 2400 MS.
1572 2369 1613 2400 ut
1626 2365 1741 2404 audio,
