2060 2848
308 281 373 313 670
694 279 929 315 HISTORIA
950 281 1327 316 ECCLESIASTICA

317 375 595 423 Lotharingium
627 375 878 412 Cardinalem:
917 381 940 398 “
965 377 1050 413 Non
1079 379 1206 424 putavi
1236 379 1428 414 molestum
1453 378 1521 414 tibi
1550 379 1714 416 futurum

311 435 342 468 si
371 445 451 469 eum
480 435 663 470 hominem
687 435 754 471 tibi
778 436 1092 477 commendassem,
1120 447 1229 482 quem
1254 437 1293 471 in
1319 437 1446 482 primis
1473 438 1625 484 dignum
1652 443 1715 474 tua

312 492 560 528 benevolentia
594 504 671 529 esse
705 493 884 529 arbitror:
914 493 1122 529 Florentius
1152 493 1368 536 Volusenus,
1395 496 1542 531 natione
1576 496 1715 536 Scotus,

313 551 490 597 elegantia
502 562 644 587 morum
658 556 694 587 et
707 552 822 586 literis
835 551 1125 587 Latinissimus.”
1161 551 1214 588 Et
1226 553 1350 598 paucis
1364 553 1584 601 interjectis:
1598 559 1620 574 “
1633 554 1714 590 Flo·

312 609 450 643 rentius
480 620 619 645 mecum
656 621 753 644 nunc
782 609 1053 655 Carpentoracti
1088 615 1153 652 est,
1187 611 1417 656 maximoque
1447 612 1567 647 auimo
1597 618 1633 648 et
1663 613 1718 647 in-

311 668 471 703 credibili
495 668 706 703 assiduitate
732 667 879 712 optimis
905 667 1031 708 literis,
1062 668 1344 713 praesertimque
1368 667 1628 714 philosophiae,
1654 671 1715 705 dat

311 726 489 770 operam.”
549 725 705 760 Romam
734 725 861 759 invisit
897 735 978 758 cum
1012 724 1153 760 Joanne
1183 724 1323 759 Bellaio
1352 726 1543 761 cardinale.
1619 726 1717 762 Ave-

311 784 417 818 nione
434 784 471 818 in
490 784 655 818 morbum
673 784 811 825 incidit,
828 787 866 818 et
888 793 971 818 cum
996 783 1148 818 adversa
1172 781 1320 818 fortuna
1345 783 1536 819 durissime
1561 785 1717 820 luctatus

309 847 373 876 est.
424 841 576 886 Scripsit

457 898 711 944 Philosophiae
727 897 980 934 Aristotelicae
997 898 1179 944 Synopsin
1204 898 1269 934 lib.
1286 907 1343 934 lv.

460 956 516 992 De
535 956 788 992 Consolatione
814 957 875 992 lib.
896 966 940 991 11.
959 968 1031 1003 quo
1049 968 1155 1002 opere
1172 956 1264 991 nihil
1281 957 1353 1004 legi
1370 956 1549 992 Latinius.

361 1015 597 1050 Commendat
610 1015 758 1050 mirifice
772 1014 951 1062 Georgius
969 1014 1214 1050 Buchananus
1231 1014 1294 1049 lib.
1314 1023 1358 1050 11.
1375 1014 1713 1063 Epigrammatum:

616 1087 677 1117 Hic
691 1088 797 1123 Musis,
811 1087 969 1122 Volusene,
980 1087 1059 1126 jaces
1072 1086 1228 1121 carissime,
1242 1086 1336 1126 ripam

656 1136 707 1164 Ad
722 1135 864 1170 Rhodani,
878 1141 956 1165 terra
969 1145 1056 1174 quam
1070 1134 1170 1174 procul
1184 1144 1201 1163 a
1214 1135 1309 1173 patria
1321 1136 1328 1163 !

615 1182 683 1213 Hoc
696 1183 805 1213 meruit
819 1183 914 1212 virtus
927 1187 989 1216 tua,
1003 1181 1103 1215 tellus,
1116 1191 1191 1221 quae
1204 1182 1279 1211 foret
1292 1181 1381 1211 altrix

653 1230 819 1266 Virtutum,
832 1235 867 1259 ut
881 1230 992 1260 cineres
1006 1229 1143 1264 conderet
1156 1228 1208 1258 illa
1220 1233 1295 1259 tuos.

360 1305 502 1341 Floruit
525 1316 619 1341 anno
642 1313 860 1340 MDxxxvr.
885 1304 1052 1340 fortunae
1075 1304 1247 1339 adversae
1270 1307 1306 1339 et
1321 1305 1557 1341 >novercantis
1580 1306 1716 1354 injuria

310 1364 639 1400 exercitatissimus.
691 1363 795 1399 Obiit
810 1362 974 1399 Viennae
990 1362 1030 1397 in
1047 1360 1284 1408 Delphinatu.

669 1477 888 1514 THOMAS
913 1476 1200 1514 WISSHART.
1253 1479 1365 1513 1200.

310 1597 490 1632 THOMAs
507 1596 704 1638 WVissharn
722 1594 947 1631 nobilissima
962 1594 1232 1636 familiaortus,
1250 1594 1401 1630 Parisiis
1423 1605 1556 1642 magna
1578 1594 1714 1643 ingenii

312 1655 530 1690 vivacissimi
548 1655 664 1702 gloria
680 1653 945 1700 philosophiam
964 1651 1108 1693 docuit3
1127 1652 1267 1694 deinde,
1281 1653 1376 1688 inter
1393 1653 1617 1688 decretorum
1634 1653 1716 1689 doc-

312 1719 405 1747 tores
424 1713 612 1753 admissus,
631 1712 776 1757 scripsit

462 1770 766 1816 Martyrologium
783 1769 845 1804 lib.
866 1778 891 1803 1.
911 1769 968 1804 cui
986 1769 1187 1804 inseruerat
1205 1779 1328 1804 omnes
1341 1767 1466 1803 Scotos
1479 1778 1564 1803 suos
1577 1773 1715 1804 sancto-

508 1839 590 1863 rum
612 1828 692 1863 albo
714 1827 910 1873 ascriptos;
942 1827 1051 1873 quod,
1075 1827 1106 1862 si
1130 1827 1177 1862 ad
1198 1836 1348 1862 manum
1372 1830 1477 1868 esset,
1501 1837 1633 1874 magno
1656 1838 1715 1862 me

511 1887 632 1922 labore
649 1887 797 1921 levaret.
849 1885 991 1920 Prodiit
1008 1885 1189 1921 Lutetiae.

362 1945 503 1980 Claruit
532 1956 627 1980 anno
658 1952 901 1979 mccccxvn.
964 1942 1134 1989 Sepultus
1164 1941 1210 1978 ad
1239 1942 1287 1978 D.
1314 1941 1521 1978 Genovesae
1552 1942 1713 1979 Parisiis.

315 2004 415 2039 Obiit
432 2015 526 2039 anno
543 2003 671 2038 aetatis
689 2014 774 2037 suae
793 2009 944 2036 LXVIII.

641 2116 943 2154 GULIELMUS
971 2116 1227 2154 VALCART.
1279 2118 1387 2152 1201.

317 2238 568 2272 GULIELMUS
584 2235 732 2272 Valcart
750 2234 1019 2271 Aberdonensis
1037 2233 1205 2270 Lutetiae
1223 2238 1259 2269 et
1284 2233 1362 2280 ipse
1384 2231 1615 2269 humaniores
1637 2231 1716 2267 lite-

317 2305 374 2330 ras
392 2295 513 2330 docuit
529 2296 710 2341 praeclaro
727 2298 870 2329 eventu.
923 2293 1074 2338 Scripsit

466 2352 511 2389 In
528 2353 723 2399 Sphaeram
740 2351 765 2387 J
766 2352 892 2389 oannis
910 2363 932 2387 a
949 2351 1164 2387 Sacrobosco
1211 2349 1273 2385 lib.
1293 2358 1319 2385 1.
