2060 2848
348 287 412 318 658
730 284 963 319 HISTORIA
988 284 1364 318 ECCLESIASTICA
1421 292 1423 295 ·

548 375 699 416 aliorum
720 392 764 416 ex
782 382 905 416 eodem
923 380 1090 415 coenobio
1113 380 1308 414 illustrium
1332 378 1493 413 versibus
1516 378 1627 414 edidit
1651 378 1750 414 Hen-

549 440 643 474 ricus
661 439 828 473 Canisius
845 444 932 474 tom.
951 447 989 472 v.
1007 437 1254 483 Antiquarum
1271 436 1495 472 Lectionum.

402 497 544 533 Floruit
562 508 657 532 anno
675 505 802 536 DCXL.

685 610 901 646 THOMAS
923 610 1139 647 VAROYE
1166 610 1249 646 AB.
1302 613 1410 649 1173.

350 728 529 762 THOMAS
555 723 710 771 Varoye,
735 725 867 760 illustri
891 725 1008 765 domo,
1034 724 1070 759 S.
1096 725 1296 771 theologiae
1321 726 1454 766 doctor,
1473 729 1509 759 et
1527 725 1750 770 praepositus

349 785 563 819 Bothvillae.
624 782 781 817 Joannes
809 782 930 829 Maj0r
955 782 1017 817 lib.
1045 791 1100 816 VI.
1128 781 1269 817 Histor.
1295 782 1396 829 Mag.
1425 782 1565 817 Britan.
1593 793 1668 827 cap.
1697 791 1750 816 lv,

349 841 499 887 Scripsit

497 898 553 933 De
571 898 848 934 Otterburnensi
867 897 1009 933 Praelio
1246 897 1308 932 lib.
1328 907 1354 932 1.

495 958 595 992 Odas
1247 955 1308 991 lib.
1328 964 1354 990 1.

497 1014 716 1061 Rhythmos,
735 1019 771 1049 et
789 1014 870 1055 alia,
1245 1014 1307 1049 lib.
1327 1023 1353 1048 1.

396 1073 539 1108 Floruit
569 1083 663 1107 anno
699 1081 879 1107 mcccxc.
909 1071 976 1106 sub
1006 1071 1145 1106 Joanne
1174 1070 1322 1107 Stuarto
1351 1083 1446 1118 rege,
1478 1073 1540 1117 qui
1571 1072 1751 1107 Robertus

350 1130 421 1164 ΙΙΙ.
448 1131 586 1165 dictus:
613 1130 845 1165 clarissimam
872 1140 958 1164 vero
985 1129 1078 1164 hanc
1107 1130 1150 1163 de
1175 1129 1307 1175 Anglis
1334 1129 1533 1170 victoriam,
1565 1130 1751 1165 incredibi-

349 1189 488 1233 lemque
524 1187 729 1234 Anglorum
774 1188 909 1222 cladem
957 1188 1101 1221 annales
1143 1188 1258 1221 nostri
1296 1191 1332 1222 et
1369 1186 1562 1233 Anglicani
1598 1188 1751 1232 descrip-

348 1257 435 1286 sere,
460 1246 623 1280 omnium
641 1243 846 1280 >cultissime
873 1244 1013 1279 Hector
1033 1244 1209 1279 Boethius
1232 1245 1294 1280 lib.
1320 1253 1406 1280 XVI.
1432 1244 1529 1280 Hist.
1556 1245 1649 1279 Scot.
1668 1256 1749 1291 pag.

349 1312 584 1339 cccxxxln.

756 1417 1120 1454 VEREMUNDUS
1146 1418 1189 1454 P.
1242 1420 1349 1457 1174.

346 1536 643 1570 VEREMUNDUS
667 1534 864 1580 presbyter,
892 1534 1014 1569 Sancti
1039 1533 1207 1568 Andreae
1230 1534 1511 1575 archidiaconus,
1535 1535 1750 1570 clarissimae

347 1593 548 1633 memoriae,
580 1603 646 1627 suo
677 1597 836 1637 tempore
863 1592 1024 1626 omnium
1055 1591 1340 1626 studiosissimus
1366 1592 1586 1633 habebatur}
1618 1593 1751 1633 rhetor,

348 1650 546 1696 theologus,
575 1647 779 1689 historicus,
814 1648 1020 1695 linguarum
1050 1647 1160 1693 (quod
1189 1659 1231 1682 ea
1264 1653 1476 1694 tempestate
1511 1650 1750 1696 rarissimum)

351 1707 504 1742 Graecae
522 1708 745 1752 Latinaeque
763 1708 937 1742 eruditus.
990 1706 1140 1751 Scripsit
1347 1747 1351 1750 .

495 1764 683 1800 Scotorum
713 1764 963 1809 Antiquitates
1030 1764 1090 1798 lib.
1123 1773 1149 1798 1.
1220 1764 1278 1798 Sic
1305 1764 1398 1798 enim
1432 1764 1618 1799 historiam
1649 1777 1751 1800 suam

545 1823 719 1863 nominat,
749 1823 913 1867 exemplo
942 1821 1108 1867 Dionysii
1140 1820 1448 1864 Halicarnassaei3
1484 1823 1522 1856 in
1552 1834 1623 1867 qua
1648 1835 1704 1858 res
1730 1836 1751 1858 a

545 1879 659 1915 Scotis
678 1885 809 1926 gestas,
827 1880 872 1913 ab
889 1880 1054 1926 ingressu
1072 1879 1110 1913 in
1127 1878 1331 1920 Albaniam,
1347 1891 1409 1914 seu
1424 1879 1662 1921 Britanniam,
1676 1882 1752 1915 sive

544 1950 566 1973 a
594 1936 793 1972 Pharaonis
820 1938 949 1978 seculo,
981 1938 1083 1983 cujus
1114 1936 1187 1971 filia
1216 1937 1322 1972 Scota
1348 1938 1448 1984 genti
1478 1949 1607 1973 nomen
1642 1938 1749 1979 dedit,

550 2006 663 2040 usque
689 1996 734 2029 ad
760 1995 943 2029 Malcolmi
967 1994 1036 2029 ΙΙΙ.
1067 1995 1162 2042 regis
1193 1995 1397 2040 imperium,
1423 1996 1603 2031 luculenta
1628 2007 1750 2031 narra-

548 2053 645 2087 tione
673 2052 893 2098 exsequitur,
923 2064 1029 2099 quem
1048 2053 1151 2088 unice
1169 2053 1237 2088 sibi
1259 2053 1475 2088 imitandum
1503 2053 1638 2089 Hector
1660 2053 1751 2089 Boe-

546 2110 643 2145 thius
662 2110 841 2155 proponit.

403 2168 506 2203 Vixit
523 2180 617 2204 anno
636 2177 737 2203 MXC.
