2060 2848
393 284 457 314 648
778 284 1009 318 HISTORIA
1033 283 1404 317 ECCLESIASTICA

547 377 603 413 De
621 377 840 413 Clericorum
859 378 1025 413 Tonsura
1041 379 1102 413 lib.
1122 388 1147 413 1.
1174 378 1230 413 De
1247 378 1397 425 Regulis
1415 377 1581 413 Monach.
1602 379 1661 413 lib.
1682 387 1708 412 1.

546 435 605 470 De
622 435 726 470 Actis
744 435 1063 471 Streneshalcensis
1081 436 1231 470 Concilii
1286 436 1347 470 lib.
1368 444 1393 469 1.

549 492 731 537 Epistolas
749 494 795 527 ad
812 493 971 527 diversos
1289 493 1349 527 lib.
1370 502 1395 526 1.

545 549 680 584 Contra
693 549 932 583 Colmannum
946 548 1103 589 Scotum,
1122 554 1158 583 et
1171 549 1270 590 alios,
1288 550 1349 584 lib.
1369 559 1395 584 1.

445 606 546 640 Obiit
564 617 657 640 anno
676 614 798 639 Dcex.
817 613 908 638 VIII.
927 606 1060 639 calend.
1080 606 1182 646 Maii,
1208 607 1369 650 sepultus
1394 607 1433 640 in
1460 605 1596 641 Imdalo
1614 612 1789 641 monaste-

397 664 459 703 rio,
479 664 539 697 sed
557 666 680 707 postea
697 663 741 696 ad
760 661 916 706 Ripense
933 662 1139 702 translatus,
1157 662 1213 696 die
1231 670 1307 696 ΧΠ.
1326 662 1452 697 Octob.
1503 663 1639 697 Molan.

813 758 849 792 S.
876 756 1123 792 VIGIANUS
1149 758 1202 792 M.
1256 757 1364 793 1164,

397 841 417 855 ¹⁵
442 835 478 869 S.
505 833 713 868 V1G1ANUS
741 831 948 871 monachus,
976 830 1112 865 Christi
1137 832 1315 878 dogmatis
1341 833 1506 879 egregius
1533 834 1790 873 concionator-,³⁹

395 893 444 927 ait
464 891 568 925 Hect.
587 890 715 924 Boeth.
734 889 795 923 lib.
814 898 871 923 XI.
898 887 1037 922 Histor.
1062 888 1156 923 Scot.
1181 900 1262 935 pag.
1286 897 1485 923 CCXXXN.
1516 893 1538 910 “
1556 891 1684 924 claruit
1707 902 1788 925 cum

395 949 583 988 Moveano,
605 947 771 986 Medano,
790 946 917 986 Blano,
942 944 1124 991 Englatio,
1149 946 1327 987 Colmaco,
1356 947 1590 981 sanctissimis
1615 947 1788 992 pontifici-

394 1007 471 1046 bus,
498 1006 626 1039 Onano
653 1004 811 1043 diacono,
830 1003 1002 1049 Congano
1028 1002 1165 1043 abbate,
1191 1003 1385 1048 multisque
1412 1004 1490 1038 aliis
1517 1004 1604 1038 viris
1630 1004 1789 1039 moribus

393 1069 427 1097 et
454 1063 616 1097 doctrina
640 1061 774 1107 insigni
799 1059 998 1105 probatis-'²
1051 1059 1270 1104 Episcopum
1297 1060 1574 1095 Brechinensem
1595 1061 1681 1096 facit
1707 1061 1789 1095 Sco-

394 1120 589 1154 tichronico
623 1119 825 1153 Fordunus.
891 1117 1059 1151 Meminit
1093 1125 1129 1151 et
1165 1117 1349 1152 Arnoldus
1382 1117 1504 1152 Uvion
1538 1118 1599 1153 lib.
1632 1127 1675 1152 11.
1710 1130 1786 1163 cap.

394 1185 542 1211 Lxxlx.
561 1176 624 1221 qui
642 1180 804 1210 sanctum
826 1175 923 1215 facit,
946 1174 1007 1208 sed
1031 1174 1088 1208 die
1113 1174 1259 1209 incerto.
1311 1174 1467 1209 Joannes
1485 1174 1655 1210 Leslaeus
1672 1176 1730 1210 lib.
1749 1185 1786 1209 v,

395 1234 491 1268 Hist.
511 1234 605 1268 Scot.
657 1233 807 1277 Scripsit

542 1290 737 1325 Conciones
755 1290 800 1324 ad
818 1290 998 1334 Populum
1281 1289 1342 1323 lib.
1363 1298 1388 1322 1.
1440 1288 1572 1323 Uvion.

541 1347 585 1381 In
602 1346 843 1393 Evangelium
863 1345 1097 1380 Narrationes
1284 1346 1345 1380 lib.
1366 1355 1391 1379 1.
1418 1357 1507 1391 quas
1534 1346 1702 1382 Nicolaus
1729 1348 1787 1382 Li-

587 1415 696 1439 ranus
714 1404 863 1438 viderat.

441 1462 583 1497 Floruit
601 1473 694 1495 anno
714 1470 759 1495 M.
779 1461 845 1495 sub
863 1460 1054 1496 Kennetho
1068 1461 1137 1495 111.
1190 1461 1287 1495 Huic
1304 1462 1478 1506 templum
1496 1461 1715 1497 Aberbroth‚
1734 1474 1788 1496 sa-

394 1532 505 1561 crum,
526 1520 563 1553 in
581 1519 684 1565 cujus
702 1518 911 1553 coemeterio
929 1518 1047 1564 lignea
1060 1530 1148 1553 crux
1165 1523 1252 1560 erat,
1269 1530 1376 1564 quam
1391 1530 1454 1553 nec
1467 1518 1602 1553 ferrum
1617 1530 1680 1554 nec
1693 1520 1787 1565 ignis

395 1578 543 1623 dejicere
561 1576 690 1621 potuit.

784 1674 820 1708 S.
848 1673 1089 1709 ULTANUS
1115 1674 1161 1710 A.
1190 1675 1232 1710 F.
1287 1674 1393 1710 1165.

394 1751 429 1784 S.
450 1749 661 1789 ULTANUS,
684 1749 761 1782 sive
778 1747 945 1788 Altanus,
973 1748 1149 1783 Trithem.
1177 1749 1237 1783 lib.
1267 1757 1327 1782 111.
1354 1749 1397 1783 de
1416 1748 1495 1783 Vir.
1521 1749 1632 1784 illust.
1660 1750 1786 1786 Ordin.

394 1807 430 1841 S.
450 1806 633 1840 Benedicti
652 1816 727 1850 cap.
749 1814 944 1839 LXXXVII.
963 1805 1075 1840 frater
1092 1806 1154 1840 SS.
1173 1805 1323 1840 Fursaei
1350 1810 1385 1840 et
1411 1805 1564 1840 Foinani
1588 1806 1785 1848 Scotorum,

394 1866 437 1898 de
470 1863 600 1909 quibus
634 1863 695 1897 lib.
727 1871 782 1897 VI.
818 1874 927 1907 supra
960 1863 1026 1897 hoc
1060 1874 1175 1908 opere,
1212 1864 1405 1897 eorundem
1439 1864 1547 1898 etiam
1585 1866 1786 1911 peregrina-

393 1922 501 1956 tionis
519 1931 644 1960 comes,
672 1920 804 1954 ibidem
831 1920 875 1954 de
901 1932 942 1955 eo
967 1932 1048 1955 cum
1074 1920 1245 1955 fratribus
1271 1921 1386 1954 multa
1412 1932 1502 1965 quae
1527 1921 1585 1955 hic
1602 1933 1674 1956 non
1690 1934 1787 1967 repe-

394 1984 442 2013 to.
494 1978 622 2013 Joann.
643 1977 777 2011 Molan.
796 1976 982 2013 Addition.
1002 1978 1157 2012 Usuard.
1185 1978 1241 2012 die
1269 1987 1294 2011 1.
1314 1977 1426 2012 Maii:
1454 1982 1475 1997 “
1493 1977 1576 2023 Ipso
1593 1980 1650 2013 die
1668 1980 1703 2014 S.
1724 1980 1786 2014 Ul-

395 2037 471 2071 tani
489 2035 709 2075 confessoris,
735 2034 857 2069 fratris
884 2035 946 2070 SS.
974 2036 1122 2070 Fursaei
1149 2040 1184 2070 et
1210 2035 1374 2075 Foillani‚
1401 2036 1474 2080 qui,
1500 2041 1580 2080 post
1605 2048 1786 2072 excessum

396 2094 518 2128 fratris
535 2094 591 2128 sui
609 2092 759 2127 Fursaei
772 2104 853 2127 cum
872 2093 1044 2134 Foillano,
1063 2098 1185 2127 sancta
1202 2093 1351 2137 adeptus
1370 2098 1423 2127 est
1440 2098 1581 2128 sanctae
1599 2094 1787 2129 Gertrudis

397 2151 639 2191 contubernia,
668 2151 770 2196 cujus
788 2151 903 2185 multa
919 2152 957 2184 in
979 2151 1123 2185 ecclesia
1148 2150 1348 2185 sanctitatis
1374 2152 1507 2185 clarent
1532 2157 1785 2187 monumenta:

398 2219 550 2253 quorum
568 2212 689 2242 sancta
708 2208 811 2253 virgo
828 2209 950 2254 agnita
968 2208 1165 2248 sanctitate,
1192 2218 1255 2252 per
1272 2219 1399 2242 manus
1417 2219 1539 2242 eorum
1563 2208 1692 2243 obtulit
1709 2208 1786 2243 Deo

399 2270 536 2310 partem
546 2265 775 2300 haereditatis
787 2277 884 2306 suae,
898 2266 1030 2299 scilicet
1041 2266 1162 2300 villam
1174 2277 1265 2311 quae
1277 2267 1386 2312 vulgo
1398 2265 1519 2300 Fossis
1530 2266 1671 2307 dicitur,
1680 2278 1787 2312 quam

400 2322 486 2366 ipsis
505 2322 650 2355 tradidit
669 2322 705 2355 in
724 2333 908 2357 servorum
926 2322 993 2357 Dei
1015 2323 1230 2364 alimoniam,
1254 2328 1296 2357 ut
1314 2324 1351 2356 in
1375 2335 1416 2358 eo
1442 2324 1527 2357 loco.
1543 2328 1786 2358 construerent

399 2379 653 2414 monasterium
667 2379 710 2413 ad
725 2381 927 2424 perpetuale
941 2380 1208 2426 peregrinorum
1224 2379 1458 2426 hospitium,”
1486 2379 1537 2415 Et
1550 2381 1607 2414 die
1621 2389 1657 2414 V.
1674 2380 1761 2415 Maii
1778 2392 1786 2414 ι
