2060 2848
439 509 944 594 HISTORIAE
986 538 1754 597 EooLESIAsTloAE

731 645 1015 696 GENTIS
1052 645 1454 697 SCOTORUM

932 766 1120 816 LIBER
1150 773 1267 815 XVI.

819 908 856 944 S.
883 909 1212 946 RADULPHUS.
1265 910 1374 945 1035.

395 1003 431 1037 S.
451 1002 719 1044 RADULPHUS,
743 1006 808 1037 aut
825 1002 1016 1045 Radulfus,
1040 1004 1087 1040 D.
1107 1004 1284 1040 Bernardi
1308 1002 1467 1039 amicitia
1492 1004 1621 1045 clarus,
1645 1014 1799 1039 conven-

394 1066 474 1095 tum
499 1060 756 1095 monachorum
774 1071 819 1095 ex
836 1062 954 1106 patria
977 1062 1127 1098 deduxit
1153 1062 1192 1097 in
1217 1063 1335 1097 locum
1361 1061 1424 1107 qui
1458 1058 1631 1096 Waleelle
1654 1062 1797 1101 dicitur,

393 1118 445 1152 ait
461 1117 657 1152 Anselmus
675 1117 942 1154 Gemblacensis
966 1119 1005 1154 in
1022 1119 1209 1160 Auctario,
1228 1129 1436 1165 quanquam
1454 1118 1557 1153 illum
1575 1118 1712 1166 Anglia
1729 1121 1797 1154 ori-

393 1175 532 1211 undum
550 1175 658 1210 faciat
675 1186 774 1210 more
799 1176 897 1211 illius
923 1178 1032 1212 seculi
1059 1189 1131 1224 quo
1156 1177 1280 1213 Scotos
1305 1188 1370 1222 per
1395 1175 1567 1222 Angliam
1593 1177 1797 1223 peregrina-

394 1234 509 1268 tiones
527 1244 610 1268 suas
627 1233 849 1278 incipientes,
869 1233 1058 1270 Scotorum
1077 1236 1267 1270 obliterata
1292 1234 1540 1280 appellatione,
1567 1233 1708 1281 Anglos
1736 1245 1796 1269 vo-

393 1290 532 1326 cabant.
568 1290 856 1337 Cognomentum
870 1291 902 1326 ei
917 1303 939 1326 a
952 1292 988 1327 S.
1006 1292 1193 1334 Columba,
1209 1297 1300 1338 puto
1317 1291 1403 1338 quia
1416 1291 1454 1325 in
1468 1290 1587 1325 insula
1599 1290 1636 1326 S.
1651 1291 1796 1326 Colum-

393 1350 458 1383 bae
475 1349 514 1384 in
539 1348 717 1384 aestuario
735 1348 893 1384 Forthae
918 1351 1134 1385 monachum
1160 1351 1339 1385 induerat.
1391 1348 1573 1383 Robertus
1598 1349 1642 1383 de
1669 1349 1795 1384 Monte

392 1409 431 1441 in
447 1406 656 1452 Appendice
679 1406 724 1441 ad
742 1406 980 1453 Sigebertum,
1006 1409 1070 1454 qui
1088 1419 1170 1443 eum
1187 1407 1353 1443 abbatem
1372 1406 1409 1442 S.
1428 1405 1610 1452 Ebrulphi
1636 1412 1793 1442 creatum

392 1465 523 1510 prodit.
576 1464 718 1510 Scripta
734 1465 856 1500 omnia
872 1465 1090 1501 interierunt
1107 1469 1250 1511 praeter

541 1522 816 1567 Expositionem
834 1523 873 1558 in
891 1522 1071 1570 Regulam
1388 1522 1450 1556 lib.
1469 1531 1496 1556 1.

441 1580 582 1615 Claruit
607 1591 701 1615 anno
733 1589 834 1615 Mel..
861 1581 962 1615 venit
988 1581 1027 1615 in
1053 1581 1305 1627 Burgundiam
1332 1591 1427 1615 anno
1454 1588 1657 1614 Mcxxxn.
1685 1581 1793 1616 abbas

391 1638 428 1674 S.
447 1638 627 1683 Ebrulphi
645 1638 876 1673 renunciatus
894 1649 989 1673 anno
1014 1647 1243 1673 MeLxxvn.
1270 1643 1313 1673 ut
1338 1649 1382 1673 ex
1406 1637 1613 1672 auctoribus
1639 1639 1792 1673 laudatis

392 1701 445 1731 est
462 1698 592 1742 palam.

854 1811 891 1847 S.
918 1811 1161 1847 RUTHIUS.
1216 1810 1323 1847 1036.

394 1934 413 1949 ⁶⁶
432 1928 467 1963 S.
488 1928 678 1963 Rmnms
697 1927 894 1972 discipulus
908 1927 945 1961 S.
959 1926 1165 1968 Columbae,
1180 1927 1276 1962 haud
1287 1938 1416 1972 parum
1429 1927 1605 1962 natalium
1623 1928 1791 1973 amplitu-

391 1987 484 2026 dine,
503 1986 563 2020 sed
582 1986 697 2032 magis
715 1987 820 2032 longe
837 1985 1010 2031 religione
1028 1985 1270 2026 honestatus,”
1296 1985 1347 2020 ait
1374 1984 1423 2019 H.
1448 1984 1625 2019 Boethius
1650 1985 1712 2020 lib.
1732 1995 1787 2020 lx.

392 2044 531 2078 Histor.
551 2043 645 2078 Scot.
663 2054 746 2090 pag.
766 2051 924 2077 CLXVII.
977 2042 1108 2076 Sancto
1130 2043 1192 2078 illo
1213 2047 1316 2088 patre
1340 2042 1378 2077 in
1407 2042 1620 2077 Hiberniam
1647 2048 1789 2078 conten-

391 2102 507 2142 dente,
533 2101 698 2136 ecclesiae
724 2100 883 2135 Scoticae
900 2100 1060 2147 regimen
1086 2101 1253 2146 suscepit,
1274 2100 1416 2145 fuitque
1441 2099 1571 2135 alicubi
1590 2101 1786 2146 episcopus,

392 2165 431 2194 ut
450 2159 641 2194 Fordunus
659 2158 792 2203 prodit,
811 2159 873 2193 sed
890 2158 1008 2193 sedem
1028 2168 1100 2192 non
1118 2158 1304 2203 expressit.
1357 2157 1509 2203 Scripsit

538 2216 725 2251 Sermones
744 2217 788 2250 de
805 2215 946 2251 Sanctis
1280 2215 1343 2250 lib.
1364 2224 1388 2249 1.

538 2273 594 2308 De
610 2273 698 2308 Vita
715 2273 916 2308 Monastica
1282 2273 1344 2308 lib.
1364 2282 1389 2307 1.

440 2331 580 2366 Clamit
597 2342 692 2366 anno
710 2339 820 2365 Dcvx.
872 2330 930 2366 Jo.
955 2330 1125 2365 Leslaeus
1149 2330 1210 2366 lib.
1231 2339 1285 2365 IV.
1309 2341 1392 2377 pag.
1412 2338 1510 2364 an.
1563 2329 1705 2365 Colitur
1731 2331 1787 2364 die

391 2397 524 2423 xxvu.
543 2388 761 2423 Decembris.
814 2388 1115 2423 Scotichronicon.
