2060 2848
670 271 845 304 GENTIS
869 271 1144 310 SCOTORUM‚
1169 270 1258 304 LIB.
1283 272 1414 304 XVIII.
1669 271 1731 302 613

650 363 804 392 Attonitus
817 363 913 402 potuit
927 362 1022 392 dicere
1032 364 1098 401 jure
1111 373 1229 402 procus:

613 409 681 439 Heu
695 420 752 448 quo
761 410 827 448 jure
841 410 926 443 oculi,
940 410 1020 448 virgo
1033 410 1196 443 fortissima,
1210 419 1330 448 poenam

652 456 749 491 Quam
762 466 891 486 meruere
905 458 971 490 mei,
986 456 1148 485 sustinuere
1162 456 1229 485 tui?

399 537 538 571 Floruit
555 546 648 570 anno
666 544 833 570 Dxxxn.
851 535 918 570 sub
935 535 1034 581 Rege
1051 534 1226 570 Conrano.
1279 535 1419 571 Colitur
1441 536 1497 570 die
1516 544 1604 570 vm.
1624 534 1728 569 Octo-

349 594 434 629 bris.
485 593 736 628 Calendarium
753 592 885 626 Adami
903 592 1022 638 Regii.

664 707 700 740 S.
728 704 1060 740 THEWNANUS
1084 705 1262 741 ABBAS.
1316 709 1421 742 1122.

349 821 384 854 S.
405 821 678 854 THEWNANUS
695 820 814 860 abbas,
838 820 894 853 vir
918 820 1029 853 mirae
1054 820 1263 861 sanctitatis,
1290 825 1325 854 et
1343 821 1533 866 singularis
1550 821 1588 854 in
1614 822 1727 854 erudi-

349 878 439 912 endo
455 878 586 922 populo
604 877 833 916 constantiae,
851 876 1007 922 Eugenii
1026 877 1132 911 etiam
1150 876 1214 912 VI.
1239 878 1332 923 regis
1354 882 1570 922 praeceptor,
1587 878 1729 922 scripsit

495 934 727 974 Quorundam
746 932 807 967 SS.
821 932 930 977 Vitas
1281 934 1342 968 lib.
1363 943 1387 967 1.

398 991 566 1025 Florebat
579 1001 671 1024 anno
685 998 915 1023 DCLXXXIv.
956 989 1139 1025 Recolitur
1151 991 1228 1036 ejus
1242 1002 1340 1025 sacra
1352 991 1521 1025 memoria
1534 991 1590 1025 die
1604 999 1725 1025 XXIII.

350 1047 580 1093 Septembris.
631 1046 882 1080 Calendarium
899 1044 1031 1080 Adami
1048 1046 1166 1093 Regii,
1184 1052 1219 1082 et
1236 1047 1422 1083 Breviaria
1439 1046 1585 1082 scotica.

653 1158 864 1194 TABULA
890 1158 1270 1195 CARTHUSIANA.
1324 1162 1428 1195 1123.

351 1276 525 1310 TABULA
541 1275 767 1319 provincialis
786 1273 1016 1308 Carthusiani
1041 1275 1175 1309 ordinis
1202 1275 1307 1309 scribi
1333 1280 1455 1319 coepta
1479 1281 1532 1310 est
1557 1276 1636 1309 cum
1662 1276 1728 1310 sub

350 1334 482 1368 Jacobo
509 1332 558 1367 ΙΙ.
585 1332 739 1366 Scotiam
765 1332 824 1365 ille
848 1331 1037 1365 intrasset:
1073 1338 1149 1366 erat
1179 1337 1298 1366 autem
1323 1333 1517 1366 multorum
1541 1332 1728 1366 monacho—

350 1401 429 1424 rum
448 1400 549 1434 opus,
567 1389 628 1434 qui
648 1399 724 1422 eam
743 1388 947 1422 succedente
964 1392 1121 1432 tempore
1138 1389 1326 1434 augebant.
1365 1388 1648 1423 Scotichronicon
1664 1388 1724 1423 lib.

351 1457 438 1483 XVI.
465 1458 539 1492 cap.
564 1455 653 1480 XIX.
705 1445 842 1489 Incepit
862 1445 906 1478 ab
927 1456 1020 1478 anno
1046 1453 1219 1479 MCCCCI..
1245 1445 1433 1480 finiebatur
1457 1455 1549 1479 anno
1576 1453 1725 1479 MDLXI.

351 1516 422 1550 quo
441 1504 661 1539 Perthanum
679 1501 885 1537 coenobium
903 1501 1073 1535 dirutum.

715 1615 997 1651 THADAEUS
1021 1614 1200 1650 ABBAS.
1254 1618 1359 1650 1124.

351 1733 593 1772 THADAEUS,
612 1733 687 1766 sive
705 1731 876 1771 Tatheus,
895 1731 1002 1766 abbas
1020 1730 1205 1765 Scotorum
1227 1730 1444 1765 Ratisbonae
1460 1730 1505 1763 ad
1522 1730 1727 1774 petitionem

352 1790 497 1824 Domini
515 1789 668 1824 Conradi
683 1789 875 1834 praepositi
893 1789 932 1822 in
949 1787 1153 1827 Illminster‚
1172 1788 1327 1821 extraxit
1344 1798 1387 1820 ex
1400 1785 1574 1820 Chronico
1588 1785 1729 1820 Funda-

350 1848 458 1882 tionis
476 1846 660 1881 Scotorum
686 1857 767 1891 pag.
786 1854 906 1879 XXIX.
933 1849 954 1864 “
971 1844 1227 1890 Fragmentum
1253 1843 1418 1877 Chronici
1443 1842 1486 1876 de
1511 1842 1547 1876 S.
1574 1841 1727 1881 Kiliano,

352 1904 387 1938 S.
406 1904 571 1950 Virgilio,
590 1903 625 1937 S.
644 1902 762 1943 Lullo,
780 1902 815 1936 S.
834 1902 1001 1941 Declano,
1019 1900 1054 1934 S.
1073 1900 1237 1935 Altone.''
1287 1898 1413 1933 Edidit
1431 1898 1607 1933 Henricus
1624 1898 1727 1932 Cani-

352 1962 425 1995 sius
442 1965 528 1995 tom.
548 1969 602 1994 IV.
620 1960 862 2004 Antiquarum
879 1958 1100 1993 Lectionum.

402 2017 543 2052 Floruit
559 2028 652 2052 anno
671 2024 937 2051 mccccnxvn.

739 2130 775 2165 s,
803 2128 1110 2164 THOMIANUS
1135 2128 1180 2163 E.
1227 2099 1338 2163 1125.

353 2248 389 2281 S.
425 2246 681 2280 THOMIANUS
723 2245 904 2290 episcopus
949 2243 1109 2278 ecclesias
1150 2242 1303 2277 scoticas
1345 2242 1488 2288 regebat
1530 2241 1730 2275 sedentibus

354 2304 584 2345 Columbano,
616 2302 829 2343 chromano,
859 2301 1023 2341 Dimano,
1050 2305 1085 2335 et
1111 2299 1286 2334 Bathano.
1344 2298 1447 2335 Tunc
1472 2302 1569 2334 mota
1593 2301 1646 2332 est
1670 2297 1730 2331 illa
