2060 2848
350 311 369 341 5
378 309 415 341 46
745 310 979 345 HISTORIA
1004 311 1382 346 ECCLESIAS-TICA·

351 406 461 440 vitam
490 405 558 440 sub
582 407 707 452 regula
733 406 779 441 D.
802 406 996 447 Benedicti,
1021 418 1129 452 quam
1154 408 1193 442 in
1220 408 1449 444 Mailrosensi
1471 409 1510 444 in
1536 408 1655 444 Scotia
1678 421 1753 444 mo-

350 464 508 497 nasterio
533 465 719 509 amplexus
744 469 831 505 erat,
858 476 966 510 seque
992 465 1156 510 adoptari
1181 467 1297 502 voluit
1321 468 1415 502 inter
1444 468 1636 502 monachos
1666 468 1751 502 Ful-

351 521 487 561 denses,
514 533 668 567 quorum
694 523 858 568 deinceps
885 522 993 557 abbas
1019 522 1101 558 fuit.
1130 523 1373 559 Ermenoldus
1398 524 1581 560 Diaconus
1607 527 1647 561 in
1665 526 1753 561 Vita

351 578 387 613 S.
407 579 509 614 Solae
523 590 531 614 :
551 585 572 600 ‘⁶
591 579 858 621 sanctissimus,
875 591 916 615 ac
933 581 971 615 in
990 581 1086 616 omni
1108 587 1210 627 parte
1226 582 1468 627 peritissimus
1485 583 1663 624 dominus,
1678 583 1753 619 Ab·

350 637 413 671 bas
435 637 608 672 Rabanus
631 638 914 683 perspicabiliter
939 638 1085 685 fulget.'’
1137 638 1180 674 Id
1198 640 1266 675 sub
1284 640 1413 675 Carolo
1439 640 1576 687 Magno
1601 642 1633 677 ei
1657 652 1753 677 com·

349 695 499 730 missum
519 696 740 736 coenobium,
767 696 863 730 idem
892 700 1017 730 auctor
1041 697 1156 737 testis,
1180 697 1243 742 qui
1262 698 1325 732 illo
1342 698 1421 743 ipso
1439 709 1528 733 aevo
1553 699 1727 734 scribebat
1740 710 1755 741 ;,

348 754 409 787 sed
435 753 709 788 criminantibus
734 753 919 793 fratribus,
942 753 1073 788 studiis
1099 754 1308 800 theologicis
1331 755 1530 800 impensius
1553 767 1663 801 quam
1687 768 1753 802 par

349 816 426 846 erat
443 811 637 851 addictum,
664 811 908 855 seculariaque
934 811 1095 845 coenobii
1113 813 1258 858 negotia
1283 813 1328 847 ab
1345 824 1387 847 eo
1404 813 1558 849 nimium
1585 815 1752 859 seposita,

348 868 503 903 offensus
521 869 675 909 secessit,
693 880 758 903 nec
776 868 876 913 prius
894 868 1012 909 rediit,
1040 867 1108 903 etsi
1132 868 1393 903 ardentissimis
1417 870 1579 903 omnium
1603 870 1698 905 votis
1716 876 1753 905 et

349 926 513 971 precibus
539 931 738 967 revocatus,
766 927 836 961 nisi
860 927 1099 972 inauguratus
1127 925 1339 972 Moguntiae
1365 926 1664 972 archiepiscopus,
1694 936 1750 962 VI.

348 988 389 1018 ut
415 985 554 1025 volunt,
580 997 602 1020 a
627 984 664 1019 S.
690 985 887 1019 Bonifacio.
942 984 1051 1019 Hunc
1068 983 1193 1019 Sixtus
1220 983 1386 1019 Senensis
1413 984 1474 1020 lib.
1495 994 1548 1019 lv.
1574 985 1750 1020 Biblioth.

350 1042 453 1076 Sanc.
469 1042 649 1078 Robertus
664 1043 904 1077 Bellarminus
922 1042 984 1077 lib.
1000 1042 1043 1076 de
1061 1041 1233 1087 scriptor.
1254 1041 1462 1077 Ecclesiast.
1480 1042 1505 1077 J
1507 1054 1587 1078 oan.
1607 1043 1752 1082 Trithe.

347 1101 441 1134 mius
472 1100 646 1147 catalogo
681 1101 877 1135 illustrium
912 1100 1032 1135 Viror.
1072 1111 1154 1146 pag.
1187 1109 1315 1135 CXXV.
1353 1105 1389 1135 et
1422 1101 1503 1136 libr.
1539 1101 1583 1136 de
1618 1101 1749 1147 Script.

348 1157 553 1193 Ecclesiast.
574 1170 655 1205 pag.
674 1167 780 1193 cem.
801 1160 929 1193 volunt
953 1158 1100 1193 natione
1117 1157 1227 1192 fuisse
1245 1157 1478 1200 Germanum,
1498 1158 1751 1195 Genebrardus

348 1227 429 1262 pag.
449 1225 571 1250 xxxl.
598 1215 754 1257 Gallum,
780 1216 934 1251 Balaeus
953 1221 989 1251 et
1006 1216 1067 1250 alii
1085 1215 1273 1262 Anglum;
1302 1216 1364 1251 sed
1381 1216 1521 1251 Scotiae
1535 1228 1617 1252 eum
1635 1218 1749 1252 civem

348 1285 451 1308 suum
467 1274 613 1315 donant,
629 1278 770 1318 praeter
783 1285 903 1309 rerum
923 1274 1140 1308 nostratium
1157 1278 1330 1315 auctores,
1344 1274 1407 1320 qui
1425 1285 1535 1319 supra
1552 1286 1574 1309 a
1590 1286 1647 1310 me
1665 1282 1750 1311 sunt

346 1333 492 1366 laudati.

396 1389 471 1424 Nec
499 1390 655 1425 minores
681 1401 789 1435 super
813 1401 852 1424 re
870 1390 948 1434 ipsa
971 1395 1007 1424 et
1033 1388 1245 1424 fundatione
1271 1390 1482 1431 academiae,
1509 1402 1618 1436 quam
1643 1396 1751 1438 gente

347 1447 471 1491 ipsius,
500 1448 748 1488 dissensiones,
780 1448 957 1493 siquidem
983 1452 1070 1482 sunt
1095 1448 1158 1493 qui
1185 1459 1268 1482 eum
1293 1459 1367 1483 non
1392 1449 1564 1495 collegam
1590 1449 1750 1491 Alcuini,

347 1505 509 1546 Joannis,
533 1511 569 1541 et
587 1506 794 1546 Clementis,
817 1507 946 1541 volunt
971 1506 1094 1546 fuisse,
1120 1506 1182 1540 sed
1208 1506 1436 1551 discipulum,
1465 1511 1501 1542 et
1524 1519 1589 1543 nec
1613 1508 1750 1543 Fuldae

348 1564 573 1605 monachum,
587 1565 648 1598 sed
667 1563 875 1598 Turonibus
894 1564 1049 1604 vixisse3
1069 1563 1233 1608 quinimo
1245 1574 1318 1598 non
1336 1563 1452 1599 defuit
1467 1564 1749 1610 Christophorus

347 1621 552 1662 Browerus,
571 1622 633 1666 qui
654 1626 838 1662 assereret,
856 1633 938 1656 eum
957 1621 1108 1656 Parisiis
1126 1621 1271 1662 vixisse,
1289 1622 1422 1656 nedum
1436 1622 1591 1657 doctoris
1605 1623 1654 1657 ibi
1669 1634 1749 1668 par·

347 1679 443 1714 tibus
461 1678 637 1719 functum,
656 1691 678 1713 a
695 1680 794 1714 nullo
808 1684 970 1714 veterum
988 1679 1144 1725 probari,
1163 1679 1233 1713 nisi
1252 1679 1297 1713 ab
1316 1684 1461 1714 auctore
1479 1691 1660 1726 anonymo
1673 1680 1748 1715 Ab·

346 1738 468 1772 batum
488 1736 734 1771 Fuldensium.

398 1795 477 1830 Imo
495 1806 560 1829 nec
577 1795 620 1829 de
638 1795 858 1830 successione
878 1795 1203 1841 archiepiscopatus
1230 1795 1376 1829 omnino
1393 1800 1543 1830 certum.
1562 1795 1747 1831 Lambert.

345 1853 604 1899 Schafnaburg.
633 1853 799 1888 Chronic.
824 1854 869 1887 ad
892 1864 1027 1887 annum
1053 1862 1293 1888 DeccxlNu.
1340 1857 1364 1873 ‘⁶
1381 1853 1565 1900 Oggarius
1591 1854 1748 1901 Mogun-

350 1912 419 1945 tiae
450 1911 736 1956 archiepiscopus
767 1911 868 1951 obiit,
899 1911 956 1945 cui
986 1911 1111 1946 Abbas
1143 1911 1314 1946 Rabanus
1345 1911 1536 1946 Fuldensis
1566 1913 1746 1953 successit,

346 1969 525 2003 abbatiam
550 1969 681 2003 Waldo
705 1968 895 2014 suscepit.”
947 1969 1126 2004 Dissensit
1153 1969 1342 2004 Marianus
1371 1969 1498 2004 Scotus
1521 1970 1560 2004 in
1586 1975 1746 2016 tempore

344 2031 379 2061 et
413 2027 594 2062 decessore
624 2027 714 2072 ipso,
752 2038 836 2061 nam
873 2027 934 2062 lib.
968 2037 1029 2062 111.
1060 2033 1176 2062 aetate
1208 2036 1262 2062 VI.
1303 2039 1397 2063 anno
1430 2037 1642 2063 Deccxxn.
1682 2029 1745 2069 ait,

350 2090 371 2104 ‘⁶
390 2084 490 2131 Eigil
509 2085 700 2119 Fuldensis
718 2085 826 2119 abbas
844 2085 944 2125 obiit,
964 2084 1135 2120 Rabanus
1154 2086 1185 2120 ei
1203 2086 1405 2121 successit.'’
1455 2086 1524 2120 Cui
1542 2086 1628 2121 fides
1646 2087 1745 2121 adhi-

348 2143 489 2179 benda?
518 2143 583 2178 Ille
601 2147 694 2177 certe
713 2143 904 2178 Fuldensis
930 2144 1127 2179 monachus
1150 2145 1285 2178 nescire
1303 2145 1372 2178 ista
1391 2156 1463 2179 non
1485 2145 1621 2179 debuit.
1673 2144 1745 2179 Hic

345 2201 619 2245 adstipulatores
646 2201 752 2236 habet
783 2213 856 2236 non
887 2204 1064 2249 vulgares.
1097 2202 1257 2236 Florent.
1284 2202 1510 2248 lVigornien.
1539 2203 1582 2237 ad
1609 2213 1742 2236 annum

348 2267 569 2293 Deccxtvx.
598 2264 618 2279 “
637 2259 811 2305 Otgarius
838 2260 1125 2305 archiepiscopus
1144 2260 1383 2305 Moguntinus
1401 2260 1500 2300 obiit,
1523 2260 1646 2294 Abbas
1670 2260 1744 2294 Ra-

343 2316 455 2350 banus
476 2316 664 2351 Fuldensis
691 2317 870 2352 successit.
924 2317 1039 2352 Hatto
1062 2318 1231 2352 successit
1255 2318 1363 2352 abbas
1387 2318 1431 2351 ad
1458 2317 1647 2352 Fulda1n.‘’
1698 2318 1742 2352 In

344 2380 501 2418 tempore
526 2374 632 2408 etiam
659 2374 866 2419 Sigebertus
893 2376 1039 2416 discors,
1066 2376 1128 2420 qui
1154 2387 1248 2410 anno
1271 2384 1530 2409 DCCCXLVIH.
1564 2381 1584 2395 ‘⁶
1603 2375 1744 2411 Babba-

343 2443 410 2466 uus
441 2432 548 2466 abbas
576 2431 776 2473 Fuldensis,
806 2433 992 2468 ordinatus
1019 2433 1232 2479 Moguntiae
1266 2433 1562 2478 archiepiscopus,
1594 2434 1745 2469 celebra-
