2060 2848
417 317 480 347 580
796 314 1028 350 HISTORIA
1052 316 1425 352 ECCLESIASTICA

417 411 589 444 acerrima
614 411 838 445 contentione
864 412 1010 446 vexavit
1033 412 1069 446 S.
1096 412 1323 447 Bonifacium
1349 423 1457 457 super
1481 412 1705 448 caerimoniis
1731 414 1809 459 qui·

417 466 566 501 busdam
584 467 767 502 Romanae
784 469 958 509 ecclesiae,
985 480 1073 514 quas
1100 470 1258 504 stabilire
1275 470 1417 504 volebat
1433 469 1619 515 pontifex3
1645 476 1681 505 et
1699 471 1807 506 Boni-

415 523 546 558 facium
563 525 775 560 resistebant
792 526 829 559 hi
848 538 936 571 quos
953 527 1136 561 nominavi
1163 527 1270 567 Scoti‚
1300 527 1417 572 adjuti
1436 538 1458 562 a
1474 526 1632 573 Sydonio
1651 528 1808 564 Bavare-

414 592 496 616 rum
513 582 785 627 archiepiscopo,
803 588 845 618 ut
861 585 969 619 latius
987 585 1193 629 exsequitur
1210 584 1234 619 J
1236 595 1367 619 oannes
1384 584 1590 620 Aventinus
1604 586 1642 619 in
1654 584 1806 620 Annali-

416 638 482 673 bus
508 639 681 673 Boiorum
706 641 767 675 lib.
789 650 849 675 111.
877 645 898 660 “
917 641 1079 675 Clemens
1107 646 1143 675 et
1166 641 1317 675 Samson
1342 641 1450 683 Scoti‚
1477 642 1675 677 sacerdotes
1699 647 1806 688 atque

415 696 581 741 episcopi,
599 698 803 738 nummarii,
821 699 933 738 avari,
947 698 1138 737 libidinosi,
1157 697 1319 743 sacrilegi
1337 699 1567 741 peculatores,
1586 700 1805 739 temulenti,'’

413 753 601 788 Zacharias
624 754 697 788 ΡΡ.
718 754 835 799 Epist.
857 764 911 788 VI.
938 759 981 789 ut
1003 765 1075 789 non
1099 755 1146 789 sit
1171 754 1302 788 mirum
1330 755 1361 788 si
1385 753 1699 801 profligatissimus
1725 757 1807 791 hae—

411 811 603 845 reticorum
631 811 824 845 Mornaeus
855 812 960 852 dicat,
989 816 1011 831 “
1036 811 1200 845 Clemens
1228 815 1264 846 et
1289 810 1451 851 Samson,
1477 811 1573 846 Scoti
1599 817 1715 847 aetate
1740 824 1806 848 sua

412 868 641 902 doctissimi.”
684 868 895 903 Haereticus
909 869 1152 903 schismaticos
1169 869 1303 903 laudat.
1343 868 1492 904 Rectius
1510 880 1594 903 sane
1613 869 1805 905 Wiscelius

406 926 554 971 junior:

713 999 908 1038 progenerans
921 998 1057 1038 quosdam
1072 998 1174 1038 Stygio
1187 1009 1204 1028 e
1217 999 1324 1029 foetore
1339 1004 1493 1033 scatentes,

712 1046 875 1085 Insipidum
889 1047 1056 1079 Albertum,
1073 1046 1264 1080 Clementem,
1278 1052 1308 1075 et
1323 1047 1429 1076 finibus
1443 1046 1534 1076 isdem

712 1094 886 1127 Samsonem,
904 1094 1011 1127 Scotos,
1025 1093 1130 1122 sinceri
1143 1093 1285 1132 dogmatis
1297 1093 1402 1127 hostes,

710 1140 862 1170 Audentes
876 1151 961 1170 sanae
976 1140 1121 1170 doctrinae
1135 1150 1278 1180 opponere
1292 1141 1393 1169 sancti.

457 1214 565 1248 Hunc
583 1214 779 1259 Sydonium
798 1215 964 1249 existimo
982 1215 1039 1248 vel
1055 1214 1275 1248 haereticum
1294 1214 1350 1248 vel
1375 1213 1640 1248 schismaticum
1666 1214 1799 1257 fuisse3

407 1282 490 1305 nam
508 1271 575 1305 sub
593 1271 738 1305 Utilone
755 1272 843 1305 duce
861 1283 942 1305 cum
960 1264 1077 1305 Roma
1101 1272 1146 1305 ad
1173 1271 1334 1305 Bavaros
1360 1270 1459 1304 venit
1484 1270 1692 1305 Bonifacius
1719 1272 1800 1308 Sco-

406 1333 475 1368 tus,
495 1340 589 1362 unus
607 1333 748 1363 tantum
767 1329 952 1374 episcopus
971 1332 1047 1362 erat
1065 1328 1103 1362 in
1120 1332 1195 1362 tota
1213 1332 1331 1373 gente,
1355 1327 1512 1368 Vivilus,
1530 1332 1572 1362 ut
1589 1339 1633 1362 ex
1650 1330 1800 1374 epistola

406 1385 570 1432 Gregorii
588 1385 637 1419 11.
656 1387 701 1419 ad
719 1387 870 1420 eundem
889 1390 1027 1420 constat
1045 1385 1271 1419 Bonifacium
1290 1386 1385 1429 apud
1403 1385 1549 1419 Surium
1567 1390 1653 1420 tom.
1673 1395 1734 1421 111.
1760 1389 1799 1422 in

405 1443 480 1477 vita
498 1444 574 1488 ejus
593 1454 673 1488 pag.
694 1452 783 1476 CLV.
803 1443 899 1487 quod
917 1443 947 1476 si
966 1453 1091 1476 verum
1110 1446 1174 1482 est,
1192 1442 1389 1477 haereticae
1412 1442 1607 1486 impietatis
1624 1447 1709 1478 nota
1727 1455 1799 1479 non

404 1501 537 1535 carebit
555 1500 714 1534 Samson.
763 1499 855 1535 Vide
873 1500 933 1535 lib.
954 1509 1014 1534 111.
1033 1500 1099 1534 hoc
1117 1510 1222 1544 opere
1239 1510 1348 1544 supra
1365 1500 1403 1533 in
1425 1496 1598 1534 Clemens.
1650 1500 1799 1546 Scripsit

403 1557 461 1591 hic

551 1614 665 1659 Super
682 1614 934 1649 Controversia
951 1625 1031 1648 cum
1048 1613 1232 1648 Winfrido
1249 1614 1357 1648 misso
1469 1614 1529 1648 lib.
1550 1622 1575 1647 1.

450 1671 605 1706 Vivebat
622 1683 714 1706 anno
733 1681 850 1705 Decr..

704 1787 747 1822 B.
776 1786 1032 1821 SEDULIUS
1057 1785 1259 1827 JUNIOR,
1286 1785 1332 1820 E.
1387 1787 1494 1820 1040.

402 1903 445 1936 B.
471 1902 678 1936 SEDULIUS
702 1902 803 1941 alius,
833 1901 878 1935 ob
896 1902 1022 1935 aetatis
1041 1901 1277 1936 differentiam
1304 1900 1435 1936 Junior
1460 1902 1587 1941 dictus,
1615 1901 1793 1947 Pergusti‚

399 1971 461 1994 seu
492 1959 660 2005 Fergusti
691 1959 817 1999 socius,
852 1963 887 1992 et
916 1959 1102 1993 Scotorum
1140 1958 1367 1993 Australium
1397 1958 1593 2003 episcopus,
1627 1959 1793 1993 interfuit

399 2020 554 2066 generali
573 2019 708 2053 Romae
726 2019 873 2052 concilio
890 2018 1064 2053 celebrato
1082 2017 1148 2052 sub
1167 2016 1340 2062 Gregorio
1359 2015 1408 2050 II.
1435 2020 1476 2050 ut
1499 2021 1585 2050 tom.
1606 2025 1666 2050 111.
1700 2016 1792 2051 Con-

398 2078 508 2111 cilior.
541 2076 704 2111 General.
742 2076 904 2116 habetur,
933 2087 1014 2122 pag.
1048 2083 1254 2110 ceccxvn.
1280 2074 1343 2108 ubi
1369 2073 1554 2118 episcopus
1581 2074 1791 2109 Britanniae

399 2139 557 2169 vocatur.
595 2134 762 2168 Meminit
782 2133 966 2167 Honorius
984 2131 1324 2179 Augustodunensis
1342 2131 1530 2166 Luminar.
1549 2130 1740 2165 Ecclesias.
1754 2136 1790 2166 et

399 2192 543 2226 uberius
561 2191 716 2225 Joannes
736 2191 857 2236 Major
873 2190 934 2225 lib.
955 2199 980 2224 1.
1001 2189 1139 2224 Histor.
1160 2188 1284 2235 Magn.
1305 2188 1469 2223 Britann.
1494 2200 1569 2234 cap.
1590 2196 1644 2222 IV.
1662 2192 1698 2222 et
1715 2199 1791 2233 cap.

397 2257 486 2282 vm.
537 2248 688 2292 Scripsit

543 2305 686 2339 Statuta
704 2304 853 2339 Concilii
872 2305 1054 2339 Generalis
1437 2303 1497 2337 lib.
1517 2311 1543 2337 1.

547 2361 591 2396 In
608 2360 849 2408 Evangelium
866 2362 912 2397 D.
933 2361 1110 2397 Matthaei
1438 2360 1499 2394 lib.
1519 2369 1544 2394 1.
1581 2359 1684 2400 Quod
1703 2370 1791 2404 opus
