2118 2854
346 346 410 375 350
726 343 959 377 HISTORIA
984 344 1360 376 ECCLESIASTICA

544 444 667 473 contra
685 438 887 473 Antonium
905 438 1126 473 Goveanum.
1178 438 1264 472 Alia
1282 450 1354 472 non
1373 438 1459 472 vidi.

497 496 681 531 Plutarchi
701 496 1006 530 Commentarium
1031 495 1231 530 Stoicorum
1250 495 1523 530 Contrariorum
1542 496 1739 531 Latinitate

544 554 701 593 donavit,
720 558 755 587 et
773 553 900 587 Franc.
921 553 1089 587 Duareno
1107 553 1295 587 dedicavit.
1347 553 1531 599 Lugduni,
1553 563 1683 588 MDLV.

399 611 538 645 Claruit
555 622 648 645 anno
668 619 850 644 MDLxxl.
895 611 1092 645 Meminere
1110 610 1187 655 ejus
1206 621 1286 644 cum
1304 611 1410 645 laude
1427 610 1605 646 Elenchus
1625 611 1648 645 J
1651 612 1740 645 uris·

348 670 600 708 consultorum,
619 667 723 702 Joan.
743 667 962 707 Nenizanus,
989 667 1162 702 Ludovic.
1183 667 1381 708 Gomesius,
1404 667 1509 703 Joan.
1529 668 1739 708 Fichardus‚

348 725 370 758 J
373 737 503 760 oannes
522 725 688 770 Baptista
706 724 851 765 Ziletus,
870 725 926 759 Jo.
945 724 1186 771 Wolfgangus
1205 724 1455 770 Freymonius.

806 839 1146 874 HENRISONUS.
1200 839 1282 874 665.

348 955 629 995 HENRISONUS,
648 953 810 988 Eduardi
830 954 935 994 filius,
954 955 1147 990 advocatus
1166 955 1203 989 in
1222 959 1348 989 senatu
1363 955 1641 1002 Edimburgensi
1659 955 1739 990 Sco-

347 1014 426 1052 tico,
446 1012 631 1046 familiaris
649 1012 852 1052 admodum,
871 1014 1139 1047 commendante
1158 1013 1304 1053 virtute,
1322 1012 1346 1046 J
1348 1013 1456 1048 acobo
1474 1013 1620 1048 Stuarto
1638 1014 1737 1059 regni

348 1071 565 1110 cancellario,
583 1069 741 1103 Araniae
759 1069 891 1109 comiti,
910 1070 1021 1104 edidit

494 1127 709 1172 Apologiam
718 1138 792 1171 1p1'o
811 1126 917 1161 Patre
1159 1127 1219 1160 lib.
1241 1136 1265 1160 Ι.
1320 1126 1483 1162 Pictavii.

397 1186 497 1220 Obiit
515 1184 730 1230 Edimburgi
749 1195 842 1218 anno
862 1193 1055 1218 MDxcvu.

739 1298 981 1333 ALBANUS
1008 1272 1207 1333 HILLUS.
1260 1297 1343 1334 666.

347 1422 366 1435 ‘⁶
385 1415 584 1449 ALBANUS
611 1414 744 1454 Hillus‚
770 1414 928 1447 medicus
956 1413 1210 1454 nobilissimus,
1242 1414 1422 1459 optimus,·
1442 1420 1549 1459 atque
1577 1415 1614 1448 in
1640 1416 1736 1448 omni

345 1474 527 1507 literarum
540 1483 667 1518 genere
679 1471 833 1505 maxime
842 1470 1038 1511 versatus,’'
1050 1471 1100 1504 ait
1112 1470 1369 1506 Bibiliothecae
1382 1472 1542 1506 Medicae
1554 1477 1688 1512 auctor,
1703 1478 1738 1506 et

345 1530 474 1575 repetit
489 1529 684 1565 Bassianus
700 1528 858 1562 Landus.
895 1527 1022 1561 Fuisse
1036 1527 1193 1569 Scotum,
1208 1534 1244 1563 et
1256 1529 1427 1574 gentilem
1439 1541 1544 1563 suum
1557 1529 1736 1564 Robertus

347 1588 478 1627 HiIlus,
499 1587 560 1632 qui
578 1586 823 1631 philosophiae
841 1585 1020 1630 professor
1038 1584 1230 1630 Monspelii
1249 1586 1347 1626 obiit,
1367 1587 1519 1621 asseruit
1536 1586 1597 1620 lib.
1613 1587 1655 1620 de
1671 1586 1736 1621 Pe-

346 1645 585 1691 regrinatione
603 1655 679 1677 sua.
734 1643 803 1676 Hic
821 1644 963 1687 scripsit

494 1702 537 1736 In
556 1701 730 1735 Galerium
749 1702 926 1745 permulta
1234 1701 1294 1735 lib.
1315 1711 1340 1735 1.

493 1759 548 1793 De
565 1759 760 1793 Anatomia
778 1757 974 1792 Galeniana
1231 1759 1292 1793 lib.
1313 1768 1338 1793 1.

395 1817 575 1852 Incertum
593 1828 663 1861 quo
681 1817 798 1850 seculo
816 1815 987 1850 floruerit.

793 1931 829 1964 H
836 1930 1143 1966 UNIBERTUS.
1196 1930 1278 1970 667.

345 2047 630 2087 HUNIBERTUS‚
648 2047 783 2081 clarum
797 2058 882 2081 suae
895 2046 1012 2093 gentis
1027 2057 1167 2087 nomen,
1182 2045 1318 2087 Galliis,
1333 2046 1546 2088 Germaniis,
1562 2047 1735 2093 Italiaque

343 2105 513 2144 lustratis,
532 2105 642 2139 edidit

490 2162 695 2196 Chronicon
712 2161 900 2197 Scotorum
1212 2162 1273 2196 lib.
1294 2171 1319 2197 Ι,
1373 2162 1486 2197 Index
1504 2163 1684 2208 anonymi.

389 2221 533 2255 Floruit
551 2232 644 2255 anno
662 2229 846 2255 DCCXXX.

638 2318 911 2353 PATRICIUS
939 2318 1293 2354 HAMILTONUS.
1348 2317 1429 2352 668.

343 2390 566 2427 Pssmcms
598 2393 839 2433 Hamiltonus,
876 2394 942 2427 etsi
977 2394 1109 2427 illustri
1140 2394 1215 2426 loco
1244 2397 1355 2433 ortus,
1387 2403 1516 2426 nomen
1546 2397 1664 2426 tamen
1695 2393 1732 2425 in

342 2452 407 2485 hac
456 2451 721 2485 nomenclatura
772 2462 842 2484 non
893 2451 1081 2491 inveniret,
1126 2450 1194 2484 nisi
1239 2450 1282 2484 ad
1326 2454 1534 2494 perpetuam
1579 2450 1732 2484 nominis
