2060 2848
654 294 826 328 GENTIS
851 292 1124 332 SCOTORUM‚
1135 299 1137 301 '
1150 293 1238 326 LIB.
1264 294 1375 326 XVII.
1640 294 1703 323 ³83

608 443 871 479 SECUNDUS
897 442 1259 478 PHILOSOPHUS.
1313 444 1420 477 1045.

325 561 553 599 SECUNDUS,
577 558 808 603 philosophus
835 558 972 598 Scotus,
1003 558 1060 591 vel
1086 555 1206 602 Anglo
1231 561 1321 591 teste
1347 556 1487 602 Rogero
1513 557 1555 590 de
1582 557 1701 592 Hove-

325 618 393 652 den
418 620 509 662 part.
538 625 580 650 11.
608 615 740 650 Annal.
766 626 847 661 pag.
875 622 1089 649 ecchXIv.
1116 624 1274 648 summae
1299 613 1370 648 fuit
1395 613 1489 658 apud
1513 614 1569 648 sui
1594 617 1701 650 seculi

326 675 486 709 homines
504 673 731 719 dignationis.
775 672 849 706 Diu
862 672 1119 718 peregrinatuS,
1134 671 1278 705 domum
1292 681 1483 717 regressus,
1497 671 1704 706 muliebrem

326 742 449 765 sexum
484 741 610 764 exosus
644 729 806 763 Athenas
840 729 939 768 abiit,
969 728 1087 772 ibique
1121 728 1326 772 linguarum
1359 728 1488 771 peritia
1521 733 1556 762 et
1590 730 1702 773 philo-

326 788 552 832 sophicorum
570 787 769 820 studiorum
787 786 962 831 elegantia
979 785 1205 819 clarissimus.
1244 784 1344 818 Licet
1356 785 1395 818 in
1407 785 1702 830 pertinaciusque

327 845 370 878 ad
399 848 549 878 mortem
580 843 712 877 silentii
746 843 927 887 proposito
956 845 1206 886 perseveraret,
1239 845 1357 875 tamen
1385 852 1448 885 per
1478 842 1703 886 scriptionem

328 899 512 935 Hadriano
541 900 745 945 imperatori
776 904 811 933 et
842 899 1009 939 innotuit,
1044 903 1079 932 et
1109 898 1378 932 admirationem
1411 899 1535 933 movit.
1591 899 1704 943 Scrip-

326 959 372 992 sit

478 1013 661 1058 Responsa
690 1012 965 1053 Quaestionibus
999 1011 1175 1046 Hadriani
1210 1011 1436 1056 Imperatoris
1472 1013 1531 1047 lib.
1564 1022 1587 1046 1.
1616 1024 1704 1058 quae

524 1075 609 1104 sunt
626 1070 739 1103 veluti
756 1069 1066 1115 apophthegmata,
1084 1073 1119 1102 et
1137 1068 1217 1103 alia.

376 1125 531 1160 Vivebat
549 1137 641 1160 anno
661 1134 757 1160 cxx.

653 1239 908 1274 GEORGIUS
933 1237 1224 1273 SIBBALDUS.
1280 1238 1384 1273 1046.

331 1353 542 1387 GEORGms
566 1352 766 1392 Sibbaldus,
793 1353 889 1387 omni
912 1352 1114 1387 humaniori
1131 1353 1316 1387 literatura
1340 1353 1644 1394 instructissimus,
1670 1355 1708 1389 in

331 1410 447 1455 patria
464 1409 575 1444 bonas
593 1414 686 1444 artes
704 1409 838 1450 didicit,
866 1410 904 1442 in
923 1408 1048 1443 Galliis
1066 1409 1207 1450 docuit3
1234 1408 1435 1453 quindecim
1451 1409 1553 1444 annis
1569 1410 1708 1444 medici-

331 1479 397 1502 nae
415 1467 506 1502 serio
522 1467 620 1501 dedit
643 1476 807 1511 operam3
835 1470 913 1500 tum
931 1466 1101 1500 doctorali
1118 1466 1215 1511 apice
1240 1465 1380 1500 Patavii
1402 1471 1554 1511 accepto,
1580 1478 1707 1513 magno

331 1524 466 1569 patriae
483 1524 621 1568 sibique
639 1528 856 1563 ornamento,
874 1523 1016 1567 scripsit

477 1580 522 1615 In
539 1580 691 1614 Graecos
707 1579 883 1614 Auctores
901 1579 1174 1614 Observationes
1361 1580 1420 1614 lib.
1440 1589 1466 1614 1.

480 1637 630 1672 Criticas
648 1637 931 1671 Exercitationes
1358 1637 1419 1671 lib.
1439 1646 1465 1671 1.

480 1693 621 1728 Veteris
639 1704 679 1728 ac
696 1704 808 1727 novae
827 1693 1024 1728 Medicinae
1042 1693 1274 1729 Collationem
1361 1693 1422 1727 lib.
1442 1702 1467 1727 1.

479 1749 648 1785 Poemata
1360 1750 1420 1786 lib.
1440 1758 1465 1784 1.
1483 1755 1518 1785 et
1535 1751 1613 1785 alia.

381 1807 483 1843 Vivit
501 1807 539 1841 in
557 1806 685 1847 Scotia,
705 1811 740 1841 et
757 1807 831 1842 suis
849 1811 902 1842 est
919 1812 1136 1842 ornamento.

667 1919 927 1954 HENRICUS
951 1919 1223 1955 SPITALIUS.
1278 1922 1381 1958 1047.

339 2035 555 2068 HENRICUS
573 2033 754 2078 Spitalius‚
773 2033 869 2067 haud
891 2034 1048 2080 vulgaris
1073 2034 1261 2074 doctrinae,
1287 2033 1543 2078 philosophiam
1570 2034 1607 2068 in
1634 2045 1709 2069 aca-

337 2092 452 2126 demia
468 2089 712 2125 Aberdonensi
730 2095 894 2124 nascente
912 2102 1055 2135 operose
1072 2091 1201 2125 docuit.
1253 2090 1346 2136 Ejus
1359 2096 1411 2125 est

485 2146 614 2181 Facilis
632 2147 676 2181 ad
694 2146 956 2182 Aristotelicam
976 2147 1193 2193 Sapientiam
1211 2147 1342 2182 Aditus
1410 2147 1469 2182 lib.
1490 2156 1514 2181 1.

386 2204 528 2240 Floruit
545 2204 639 2239 domi
659 2214 751 2238 anno
769 2212 905 2238 Mnxx.
