<?xml version="1.0" encoding="UTF-8"?>
<!DOCTYPE html PUBLIC "-//W3C//DTD XHTML 1.0 Transitional//EN"
    "http://www.w3.org/TR/xhtml1/DTD/xhtml1-transitional.dtd">
<html xmlns="http://www.w3.org/1999/xhtml" xml:lang="en" lang="en">
 <head>
  <title>
</title>
<meta http-equiv="Content-Type" content="text/html;charset=utf-8" />
  <meta name='ocr-system' content='tesseract 3.04.00' />
  <meta name='ocr-capabilities' content='ocr_page ocr_carea ocr_par ocr_line ocrx_word'/>
</head>
<body>
  <div class='ocr_page' id='page_1' title='image "./thomaedempster2102dempuoft_0191.png"; bbox 0 0 2060 2848; ppageno 0'>
   <div class='ocr_carea' id='block_1_1' title="bbox 693 311 1742 351">
    <p class='ocr_par' dir='ltr' id='par_1_1' title="bbox 693 311 1742 351">
     <span class='ocr_line' id='line_1_1' title="bbox 693 311 1742 351; baseline -0.001 -7"><span class='ocrx_word' id='word_1_1' title='bbox 693 312 868 344; x_wconf 86' lang='lat' dir='ltr'>GENTIS</span> <span class='ocrx_word' id='word_1_2' title='bbox 892 311 1171 351; x_wconf 85' lang='lat' dir='ltr'>SCOTORUM,</span> <span class='ocrx_word' id='word_1_3' title='bbox 1196 312 1286 345; x_wconf 91' lang='lat' dir='ltr'>LIB.</span> <span class='ocrx_word' id='word_1_4' title='bbox 1310 313 1406 345; x_wconf 90' lang='lat' dir='ltr'>XIV.</span> <span class='ocrx_word' id='word_1_5' title='bbox 1659 312 1742 344; x_wconf 74' lang='lat'>*513</span> 
     </span>
    </p>
   </div>
   <div class='ocr_carea' id='block_1_2' title="bbox 356 405 1742 679">
    <p class='ocr_par' dir='ltr' id='par_1_2' title="bbox 356 405 1742 679">
     <span class='ocr_line' id='line_1_2' title="bbox 359 405 1742 451; baseline -0.001 -10"><span class='ocrx_word' id='word_1_6' title='bbox 359 419 437 442; x_wconf 88' lang='lat' dir='ltr'>mae</span> <span class='ocrx_word' id='word_1_7' title='bbox 457 407 647 446; x_wconf 88' lang='lat' dir='ltr'>Bruulaeo,</span> <span class='ocrx_word' id='word_1_8' title='bbox 674 406 786 451; x_wconf 90' lang='lat' dir='ltr'>equiti</span> <span class='ocrx_word' id='word_1_9' title='bbox 810 405 932 451; x_wconf 88' lang='lat' dir='ltr'>Anglo</span> <span class='ocrx_word' id='word_1_10' title='bbox 958 406 1181 446; x_wconf 87' lang='lat' dir='ltr'>adolescenti,</span> <span class='ocrx_word' id='word_1_11' title='bbox 1203 417 1317 440; x_wconf 87' lang='lat' dir='ltr'>comes</span> <span class='ocrx_word' id='word_1_12' title='bbox 1343 406 1387 440; x_wconf 91' lang='lat' dir='ltr'>ab</span> <span class='ocrx_word' id='word_1_13' title='bbox 1412 408 1587 440; x_wconf 88' lang='lat' dir='ltr'>avunculo</span> <span class='ocrx_word' id='word_1_14' title='bbox 1604 411 1742 440; x_wconf 88' lang='lat' dir='ltr'>oratore</span> 
     </span>
     <span class='ocr_line' id='line_1_3' title="bbox 358 462 1738 510; baseline -0.001 -12"><span class='ocrx_word' id='word_1_15' title='bbox 358 465 455 510; x_wconf 86' lang='lat' dir='ltr'>regio</span> <span class='ocrx_word' id='word_1_16' title='bbox 481 463 614 508; x_wconf 84' lang='lat' dir='ltr'>Earyo,</span> <span class='ocrx_word' id='word_1_17' title='bbox 644 467 722 497; x_wconf 92' lang='lat' dir='ltr'>tum</span> <span class='ocrx_word' id='word_1_18' title='bbox 750 462 915 497; x_wconf 85' lang='lat' dir='ltr'><strong>Lutetiae</strong></span> <span class='ocrx_word' id='word_1_19' title='bbox 943 463 1131 503; x_wconf 87' lang='lat' dir='ltr'><strong>residente,</strong></span> <span class='ocrx_word' id='word_1_20' title='bbox 1159 463 1275 503; x_wconf 87' lang='lat' dir='ltr'>datus,</span> <span class='ocrx_word' id='word_1_21' title='bbox 1307 462 1471 502; x_wconf 88' lang='lat' dir='ltr'>Galliam,</span> <span class='ocrx_word' id='word_1_22' title='bbox 1502 462 1738 504; x_wconf 89' lang='lat' dir='ltr'>Germaniam,</span> 
     </span>
     <span class='ocr_line' id='line_1_4' title="bbox 358 518 1742 565; baseline 0 -11"><span class='ocrx_word' id='word_1_23' title='bbox 358 520 512 560; x_wconf 90' lang='lat' dir='ltr'>Italiam,</span> <span class='ocrx_word' id='word_1_24' title='bbox 542 524 578 554; x_wconf 88' lang='lat' dir='ltr'>et</span> <span class='ocrx_word' id='word_1_25' title='bbox 606 520 818 564; x_wconf 88' lang='lat' dir='ltr'>Hispaniam</span> <span class='ocrx_word' id='word_1_26' title='bbox 849 520 1063 565; x_wconf 85' lang='lat' dir='ltr'>peragravit,</span> <span class='ocrx_word' id='word_1_27' title='bbox 1091 530 1175 553; x_wconf 83' lang='lat' dir='ltr'>mox</span> <span class='ocrx_word' id='word_1_28' title='bbox 1202 520 1240 553; x_wconf 92' lang='lat' dir='ltr'>in</span> <span class='ocrx_word' id='word_1_29' title='bbox 1269 518 1423 553; x_wconf 88' lang='lat' dir='ltr'>Daniam</span> <span class='ocrx_word' id='word_1_30' title='bbox 1449 520 1655 563; x_wconf 84' lang='lat' dir='ltr'>permeavit,</span> <span class='ocrx_word' id='word_1_31' title='bbox 1680 521 1742 554; x_wconf 91' lang='lat' dir='ltr'>ubi</span> 
     </span>
     <span class='ocr_line' id='line_1_5' title="bbox 356 575 1742 622; baseline 0 -11"><span class='ocrx_word' id='word_1_32' title='bbox 356 582 455 611; x_wconf 88' lang='lat' dir='ltr'>arcta</span> <span class='ocrx_word' id='word_1_33' title='bbox 479 577 678 611; x_wconf 85' lang='lat' dir='ltr'>cancellarii</span> <span class='ocrx_word' id='word_1_34' title='bbox 704 576 801 610; x_wconf 88' lang='lat' dir='ltr'>illius</span> <span class='ocrx_word' id='word_1_35' title='bbox 827 577 928 622; x_wconf 88' lang='lat' dir='ltr'>regni</span> <span class='ocrx_word' id='word_1_36' title='bbox 955 576 1113 611; x_wconf 86' lang='lat' dir='ltr'>amicitia</span> <span class='ocrx_word' id='word_1_37' title='bbox 1128 575 1242 610; x_wconf 87' lang='lat' dir='ltr'>fretus</span> <span class='ocrx_word' id='word_1_38' title='bbox 1269 576 1448 622; x_wconf 87' lang='lat' dir='ltr'>ingentem</span> <span class='ocrx_word' id='word_1_39' title='bbox 1475 576 1519 610; x_wconf 88' lang='lat' dir='ltr'>ab</span> <span class='ocrx_word' id='word_1_40' title='bbox 1545 577 1742 611; x_wconf 85' lang='lat' dir='ltr'>eruditione</span> 
     </span>
     <span class='ocr_line' id='line_1_6' title="bbox 356 633 1048 679; baseline 0 -11"><span class='ocrx_word' id='word_1_41' title='bbox 356 634 412 668; x_wconf 86' lang='lat' dir='ltr'>sui</span> <span class='ocrx_word' id='word_1_42' title='bbox 431 634 702 668; x_wconf 88' lang='lat' dir='ltr'>admirationem</span> <span class='ocrx_word' id='word_1_43' title='bbox 721 633 846 667; x_wconf 86' lang='lat' dir='ltr'>movit.</span> <span class='ocrx_word' id='word_1_44' title='bbox 898 633 1048 679; x_wconf 86' lang='lat' dir='ltr'>Scripsit</span> 
     </span>
    </p>
   </div>
   <div class='ocr_carea' id='block_1_3' title="bbox 505 690 1743 896">
    <p class='ocr_par' dir='ltr' id='par_1_3' title="bbox 506 690 1351 725">
     <span class='ocr_line' id='line_1_7' title="bbox 506 690 1351 725; baseline -0.001 0"><span class='ocrx_word' id='word_1_45' title='bbox 506 690 651 725; x_wconf 85' lang='lat' dir='ltr'>Itineris</span> <span class='ocrx_word' id='word_1_46' title='bbox 669 691 725 725; x_wconf 91' lang='lat' dir='ltr'>sui</span> <span class='ocrx_word' id='word_1_47' title='bbox 1228 690 1288 725; x_wconf 92' lang='lat' dir='ltr'>lib.</span> <span class='ocrx_word' id='word_1_48' title='bbox 1309 699 1351 724; x_wconf 91' lang='lat'>11.</span> 
     </span>
    </p>

    <p class='ocr_par' dir='ltr' id='par_1_4' title="bbox 505 747 1335 793">
     <span class='ocr_line' id='line_1_8' title="bbox 505 747 1335 793; baseline 0 -11"><span class='ocrx_word' id='word_1_49' title='bbox 505 748 561 782; x_wconf 95' lang='lat' dir='ltr'>De</span> <span class='ocrx_word' id='word_1_50' title='bbox 579 748 810 782; x_wconf 90' lang='lat' dir='ltr'>Nostradami</span> <span class='ocrx_word' id='word_1_51' title='bbox 829 747 1031 793; x_wconf 87' lang='lat' dir='ltr'>Prophetiis</span> <span class='ocrx_word' id='word_1_52' title='bbox 1228 749 1290 782; x_wconf 87' lang='lat' dir='ltr'>lib.</span> <span class='ocrx_word' id='word_1_53' title='bbox 1310 757 1335 782; x_wconf 94' lang='lat'>1.</span> 
     </span>
    </p>

    <p class='ocr_par' dir='ltr' id='par_1_5' title="bbox 506 804 1743 896">
     <span class='ocr_line' id='line_1_9' title="bbox 506 804 1743 852; baseline 0 -12"><span class='ocrx_word' id='word_1_54' title='bbox 506 805 781 840; x_wconf 86' lang='lat' dir='ltr'>Mathematicae</span> <span class='ocrx_word' id='word_1_55' title='bbox 807 804 1076 840; x_wconf 86' lang='lat' dir='ltr'>Observationis</span> <span class='ocrx_word' id='word_1_56' title='bbox 1100 816 1207 850; x_wconf 85' lang='lat' dir='ltr'>super</span> <span class='ocrx_word' id='word_1_57' title='bbox 1230 804 1466 852; x_wconf 86' lang='lat' dir='ltr'>Astrologicis</span> <span class='ocrx_word' id='word_1_58' title='bbox 1494 805 1743 840; x_wconf 86' lang='lat' dir='ltr'>Praedictioni-</span> 
     </span>
     <span class='ocr_line' id='line_1_10' title="bbox 554 862 1337 896; baseline 0 0"><span class='ocrx_word' id='word_1_59' title='bbox 554 862 620 896; x_wconf 88' lang='lat' dir='ltr'>bus</span> <span class='ocrx_word' id='word_1_60' title='bbox 1231 862 1291 896; x_wconf 92' lang='lat' dir='ltr'>lib.</span> <span class='ocrx_word' id='word_1_61' title='bbox 1311 870 1337 896; x_wconf 89' lang='lat'>1.</span> 
     </span>
    </p>
   </div>
   <div class='ocr_carea' id='block_1_4' title="bbox 407 918 1177 1072">
    <p class='ocr_par' dir='ltr' id='par_1_6' title="bbox 407 918 1177 1072">
     <span class='ocr_line' id='line_1_11' title="bbox 407 918 1124 966; baseline 0 -12"><span class='ocrx_word' id='word_1_62' title='bbox 407 920 512 955; x_wconf 89' lang='lat' dir='ltr'>Vivit</span> <span class='ocrx_word' id='word_1_63' title='bbox 529 919 644 954; x_wconf 88' lang='lat' dir='ltr'>adhuc</span> <span class='ocrx_word' id='word_1_64' title='bbox 661 920 698 953; x_wconf 93' lang='lat' dir='ltr'>in</span> <span class='ocrx_word' id='word_1_65' title='bbox 716 918 835 954; x_wconf 89' lang='lat' dir='ltr'>Dania</span> <span class='ocrx_word' id='word_1_66' title='bbox 854 919 970 954; x_wconf 81' lang='lat' dir='ltr'>Musis</span> <span class='ocrx_word' id='word_1_67' title='bbox 988 925 1124 966; x_wconf 88' lang='lat' dir='ltr'>gratus.</span> 
     </span>
     <span class='ocr_line' id='line_1_12' title="bbox 928 1033 1177 1072; baseline -0.004 -5"><span class='ocrx_word' id='word_1_68' title='bbox 928 1033 1041 1067; x_wconf 93' lang='lat' dir='ltr'>ODO.</span> <span class='ocrx_word' id='word_1_69' title='bbox 1094 1036 1177 1072; x_wconf 78' lang='lat'>993.</span> 
     </span>
    </p>
   </div>
   <div class='ocr_carea' id='block_1_5' title="bbox 357 1147 1743 1477">
    <p class='ocr_par' dir='ltr' id='par_1_7' title="bbox 357 1147 1743 1364">
     <span class='ocr_line' id='line_1_13' title="bbox 357 1147 1743 1193; baseline 0 -10"><span class='ocrx_word' id='word_1_70' title='bbox 357 1150 449 1183; x_wconf 79' lang='lat' dir='ltr'>Ono</span> <span class='ocrx_word' id='word_1_71' title='bbox 471 1148 689 1182; x_wconf 84' lang='lat' dir='ltr'>Senescallus</span> <span class='ocrx_word' id='word_1_72' title='bbox 711 1148 868 1188; x_wconf 88' lang='lat' dir='ltr'>clericus,</span> <span class='ocrx_word' id='word_1_73' title='bbox 893 1147 1006 1182; x_wconf 88' lang='lat' dir='ltr'>affinis</span> <span class='ocrx_word' id='word_1_74' title='bbox 1031 1147 1181 1182; x_wconf 87' lang='lat' dir='ltr'>Joannis</span> <span class='ocrx_word' id='word_1_75' title='bbox 1207 1148 1360 1193; x_wconf 90' lang='lat' dir='ltr'>episcopi</span> <span class='ocrx_word' id='word_1_76' title='bbox 1386 1148 1658 1189; x_wconf 88' lang='lat' dir='ltr'>Dunkeldensis,</span> <span class='ocrx_word' id='word_1_77' title='bbox 1684 1160 1743 1183; x_wconf 93' lang='lat' dir='ltr'>no-</span> 
     </span>
     <span class='ocr_line' id='line_1_14' title="bbox 358 1204 1743 1252; baseline 0 -13"><span class='ocrx_word' id='word_1_78' title='bbox 358 1206 517 1240; x_wconf 86' lang='lat' dir='ltr'>minatur</span> <span class='ocrx_word' id='word_1_79' title='bbox 542 1205 580 1238; x_wconf 90' lang='lat' dir='ltr'>in</span> <span class='ocrx_word' id='word_1_80' title='bbox 610 1205 851 1239; x_wconf 89' lang='lat' dir='ltr'>controversia</span> <span class='ocrx_word' id='word_1_81' title='bbox 880 1217 970 1250; x_wconf 87' lang='lat' dir='ltr'>quae</span> <span class='ocrx_word' id='word_1_82' title='bbox 1000 1205 1094 1239; x_wconf 90' lang='lat' dir='ltr'>inter</span> <span class='ocrx_word' id='word_1_83' title='bbox 1120 1216 1200 1239; x_wconf 88' lang='lat' dir='ltr'>eum</span> <span class='ocrx_word' id='word_1_84' title='bbox 1231 1210 1267 1239; x_wconf 92' lang='lat' dir='ltr'>et</span> <span class='ocrx_word' id='word_1_85' title='bbox 1296 1205 1489 1252; x_wconf 89' lang='lat' dir='ltr'>Hugonem</span> <span class='ocrx_word' id='word_1_86' title='bbox 1515 1205 1551 1239; x_wconf 87' lang='lat' dir='ltr'>S.</span> <span class='ocrx_word' id='word_1_87' title='bbox 1579 1204 1743 1239; x_wconf 87' lang='lat' dir='ltr'>Andreae</span> 
     </span>
     <span class='ocr_line' id='line_1_15' title="bbox 358 1261 1743 1307; baseline 0 -11"><span class='ocrx_word' id='word_1_88' title='bbox 358 1263 562 1307; x_wconf 85' lang='lat' dir='ltr'>episcopum</span> <span class='ocrx_word' id='word_1_89' title='bbox 579 1262 788 1296; x_wconf 86' lang='lat' dir='ltr'>intercessit.</span> <span class='ocrx_word' id='word_1_90' title='bbox 841 1261 983 1296; x_wconf 89' lang='lat' dir='ltr'>Literae</span> <span class='ocrx_word' id='word_1_91' title='bbox 1001 1262 1139 1296; x_wconf 90' lang='lat' dir='ltr'>Urbani</span> <span class='ocrx_word' id='word_1_92' title='bbox 1158 1262 1227 1296; x_wconf 89' lang='lat'>111.</span> <span class='ocrx_word' id='word_1_93' title='bbox 1253 1273 1365 1307; x_wconf 90' lang='lat' dir='ltr'>papae</span> <span class='ocrx_word' id='word_1_94' title='bbox 1390 1263 1484 1307; x_wconf 91' lang='lat' dir='ltr'>apud</span> <span class='ocrx_word' id='word_1_95' title='bbox 1510 1261 1743 1296; x_wconf 88' lang='lat' dir='ltr'>Hovedenum</span> 
     </span>
     <span class='ocr_line' id='line_1_16' title="bbox 359 1324 781 1364; baseline -0.002 -11"><span class='ocrx_word' id='word_1_96' title='bbox 359 1324 453 1364; x_wconf 65' lang='lat' dir='ltr'>part⁴</span> <span class='ocrx_word' id='word_1_97' title='bbox 473 1328 516 1353; x_wconf 89' lang='lat'>11.</span> <span class='ocrx_word' id='word_1_98' title='bbox 535 1330 615 1364; x_wconf 90' lang='lat' dir='ltr'>pag.</span> <span class='ocrx_word' id='word_1_99' title='bbox 636 1327 781 1353; x_wconf 82' lang='lat' dir='ltr'>CCCLX.</span> 
     </span>
    </p>

    <p class='ocr_par' dir='ltr' id='par_1_8' title="bbox 358 1375 1742 1477">
     <span class='ocr_line' id='line_1_17' title="bbox 409 1375 1742 1418; baseline 0 -8"><span class='ocrx_word' id='word_1_100' title='bbox 409 1375 547 1410; x_wconf 79' lang='lat' dir='ltr'>claruit</span> <span class='ocrx_word' id='word_1_101' title='bbox 565 1387 658 1410; x_wconf 87' lang='lat' dir='ltr'>anno</span> <span class='ocrx_word' id='word_1_102' title='bbox 677 1384 928 1410; x_wconf 70' lang='lat' dir='ltr'>mecm-[xxa.</span> <span class='ocrx_word' id='word_1_103' title='bbox 956 1375 1114 1410; x_wconf 91' lang='lat' dir='ltr'>Parvum</span> <span class='ocrx_word' id='word_1_104' title='bbox 1132 1376 1198 1411; x_wconf 88' lang='lat' dir='ltr'>hoc</span> <span class='ocrx_word' id='word_1_105' title='bbox 1215 1376 1340 1418; x_wconf 85' lang='lat' dir='ltr'>fateor,</span> <span class='ocrx_word' id='word_1_106' title='bbox 1365 1377 1426 1411; x_wconf 90' lang='lat' dir='ltr'>sed</span> <span class='ocrx_word' id='word_1_107' title='bbox 1452 1377 1490 1410; x_wconf 90' lang='lat' dir='ltr'>in</span> <span class='ocrx_word' id='word_1_108' title='bbox 1507 1380 1607 1410; x_wconf 88' lang='lat' dir='ltr'>tanta</span> <span class='ocrx_word' id='word_1_109' title='bbox 1624 1387 1742 1410; x_wconf 87' lang='lat' dir='ltr'>rerum</span> 
     </span>
     <span class='ocr_line' id='line_1_18' title="bbox 358 1433 1140 1477; baseline 0 -10"><span class='ocrx_word' id='word_1_110' title='bbox 358 1437 561 1468; x_wconf 84' lang='lat' dir='ltr'>nostrarum</span> <span class='ocrx_word' id='word_1_111' title='bbox 580 1433 729 1477; x_wconf 90' lang='lat' dir='ltr'>penuria</span> <span class='ocrx_word' id='word_1_112' title='bbox 746 1433 934 1467; x_wconf 85' lang='lat' dir='ltr'>tacendum</span> <span class='ocrx_word' id='word_1_113' title='bbox 952 1444 1025 1467; x_wconf 86' lang='lat' dir='ltr'>non</span> <span class='ocrx_word' id='word_1_114' title='bbox 1041 1433 1140 1467; x_wconf 84' lang='lat' dir='ltr'>duxi.</span> 
     </span>
    </p>
   </div>
   <div class='ocr_carea' id='block_1_6' title="bbox 851 1546 1260 1586">
    <p class='ocr_par' dir='ltr' id='par_1_9' title="bbox 851 1546 1260 1586">
     <span class='ocr_line' id='line_1_19' title="bbox 851 1546 1260 1586; baseline -0.002 -5"><span class='ocrx_word' id='word_1_115' title='bbox 851 1546 1123 1581; x_wconf 86' lang='lat' dir='ltr'><strong>OSBERTUS.</strong></span> <span class='ocrx_word' id='word_1_116' title='bbox 1177 1549 1260 1586; x_wconf 85' lang='lat'><em>994.</em></span> 
     </span>
    </p>
   </div>
   <div class='ocr_carea' id='block_1_7' title="bbox 358 1660 1742 1979">
    <p class='ocr_par' dir='ltr' id='par_1_10' title="bbox 358 1660 1742 1932">
     <span class='ocr_line' id='line_1_20' title="bbox 358 1660 1740 1709; baseline 0 -13"><span class='ocrx_word' id='word_1_117' title='bbox 358 1662 583 1701; x_wconf 77' lang='lat' dir='ltr'><strong>OSBERTUS‚</strong></span> <span class='ocrx_word' id='word_1_118' title='bbox 601 1661 708 1696; x_wconf 88' lang='lat' dir='ltr'>abbas</span> <span class='ocrx_word' id='word_1_119' title='bbox 727 1661 769 1695; x_wconf 93' lang='lat' dir='ltr'>de</span> <span class='ocrx_word' id='word_1_120' title='bbox 795 1660 941 1701; x_wconf 90' lang='lat' dir='ltr'>Kelrou,</span> <span class='ocrx_word' id='word_1_121' title='bbox 967 1665 1009 1695; x_wconf 90' lang='lat' dir='ltr'>ut</span> <span class='ocrx_word' id='word_1_122' title='bbox 1034 1666 1088 1696; x_wconf 87' lang='lat' dir='ltr'>est</span> <span class='ocrx_word' id='word_1_123' title='bbox 1115 1660 1300 1697; x_wconf 87' lang='lat' dir='ltr'>Hovedeni</span> <span class='ocrx_word' id='word_1_124' title='bbox 1328 1662 1444 1696; x_wconf 88' lang='lat' dir='ltr'>codice</span> <span class='ocrx_word' id='word_1_125' title='bbox 1470 1666 1561 1706; x_wconf 90' lang='lat' dir='ltr'>part.</span> <span class='ocrx_word' id='word_1_126' title='bbox 1590 1671 1632 1696; x_wconf 90' lang='lat'>11.</span> <span class='ocrx_word' id='word_1_127' title='bbox 1659 1674 1740 1709; x_wconf 85' lang='lat' dir='ltr'>pag.</span> 
     </span>
     <span class='ocr_line' id='line_1_21' title="bbox 359 1718 1741 1764; baseline 0 -11"><span class='ocrx_word' id='word_1_128' title='bbox 359 1727 490 1753; x_wconf 84' lang='lat' dir='ltr'>CCCLI.</span> <span class='ocrx_word' id='word_1_129' title='bbox 510 1719 566 1752; x_wconf 90' lang='lat' dir='ltr'>vel</span> <span class='ocrx_word' id='word_1_130' title='bbox 584 1718 805 1759; x_wconf 86' lang='lat' dir='ltr'>Kelkoensis,</span> <span class='ocrx_word' id='word_1_131' title='bbox 823 1722 864 1752; x_wconf 94' lang='lat' dir='ltr'>ut</span> <span class='ocrx_word' id='word_1_132' title='bbox 881 1718 919 1752; x_wconf 92' lang='lat' dir='ltr'>in</span> <span class='ocrx_word' id='word_1_133' title='bbox 937 1718 1050 1753; x_wconf 88' lang='lat' dir='ltr'>literis</span> <span class='ocrx_word' id='word_1_134' title='bbox 1076 1718 1179 1753; x_wconf 89' lang='lat' dir='ltr'>Lucii</span> <span class='ocrx_word' id='word_1_135' title='bbox 1198 1718 1268 1753; x_wconf 88' lang='lat'>111.</span> <span class='ocrx_word' id='word_1_136' title='bbox 1294 1718 1481 1764; x_wconf 82' lang='lat' dir='ltr'>pontificis,</span> <span class='ocrx_word' id='word_1_137' title='bbox 1505 1730 1525 1752; x_wconf 90' lang='lat' dir='ltr'>a</span> <span class='ocrx_word' id='word_1_138' title='bbox 1550 1718 1741 1753; x_wconf 59' lang='lat' dir='ltr'>lVilhelmo</span> 
     </span>
     <span class='ocr_line' id='line_1_22' title="bbox 358 1775 1742 1821; baseline 0.001 -13"><span class='ocrx_word' id='word_1_139' title='bbox 358 1787 440 1821; x_wconf 87' lang='lat' dir='ltr'>rege</span> <span class='ocrx_word' id='word_1_140' title='bbox 466 1775 619 1809; x_wconf 85' lang='lat' dir='ltr'>Romam</span> <span class='ocrx_word' id='word_1_141' title='bbox 645 1780 765 1809; x_wconf 89' lang='lat' dir='ltr'>orator</span> <span class='ocrx_word' id='word_1_142' title='bbox 790 1776 919 1809; x_wconf 89' lang='lat' dir='ltr'>missus</span> <span class='ocrx_word' id='word_1_143' title='bbox 945 1787 1025 1809; x_wconf 91' lang='lat' dir='ltr'>cum</span> <span class='ocrx_word' id='word_1_144' title='bbox 1051 1775 1210 1810; x_wconf 86' lang='lat' dir='ltr'>Jocelino</span> <span class='ocrx_word' id='word_1_145' title='bbox 1235 1776 1408 1820; x_wconf 88' lang='lat' dir='ltr'>episcopo,</span> <span class='ocrx_word' id='word_1_146' title='bbox 1437 1780 1472 1810; x_wconf 92' lang='lat' dir='ltr'>et</span> <span class='ocrx_word' id='word_1_147' title='bbox 1496 1775 1658 1809; x_wconf 88' lang='lat' dir='ltr'>Arnaldo</span> <span class='ocrx_word' id='word_1_148' title='bbox 1684 1776 1742 1810; x_wconf 88' lang='lat' dir='ltr'>ab·</span> 
     </span>
     <span class='ocr_line' id='line_1_23' title="bbox 359 1831 1741 1879; baseline 0 -13"><span class='ocrx_word' id='word_1_149' title='bbox 359 1832 440 1866; x_wconf 87' lang='lat' dir='ltr'>bate</span> <span class='ocrx_word' id='word_1_150' title='bbox 462 1831 699 1872; x_wconf 83' lang='lat' dir='ltr'>Massrosensi,</span> <span class='ocrx_word' id='word_1_151' title='bbox 726 1833 820 1878; x_wconf 89' lang='lat' dir='ltr'>regis</span> <span class='ocrx_word' id='word_1_152' title='bbox 846 1843 989 1866; x_wconf 89' lang='lat' dir='ltr'>causam</span> <span class='ocrx_word' id='word_1_153' title='bbox 1006 1832 1146 1879; x_wconf 90' lang='lat' dir='ltr'>egregie</span> <span class='ocrx_word' id='word_1_154' title='bbox 1163 1832 1202 1866; x_wconf 87' lang='lat' dir='ltr'>in</span> <span class='ocrx_word' id='word_1_155' title='bbox 1219 1832 1426 1866; x_wconf 89' lang='lat' dir='ltr'>consistorio</span> <span class='ocrx_word' id='word_1_156' title='bbox 1443 1832 1527 1878; x_wconf 89' lang='lat' dir='ltr'>egit,</span> <span class='ocrx_word' id='word_1_157' title='bbox 1552 1836 1588 1866; x_wconf 88' lang='lat' dir='ltr'>et</span> <span class='ocrx_word' id='word_1_158' title='bbox 1604 1831 1741 1866; x_wconf 84' lang='lat' dir='ltr'>absolu-</span> 
     </span>
     <span class='ocr_line' id='line_1_24' title="bbox 358 1888 726 1932; baseline 0 -10"><span class='ocrx_word' id='word_1_159' title='bbox 358 1889 492 1923; x_wconf 86' lang='lat' dir='ltr'>tionem</span> <span class='ocrx_word' id='word_1_160' title='bbox 510 1888 726 1932; x_wconf 87' lang='lat' dir='ltr'>impetravit.</span> 
     </span>
    </p>

    <p class='ocr_par' dir='ltr' id='par_1_11' title="bbox 407 1945 963 1979">
     <span class='ocr_line' id='line_1_25' title="bbox 407 1945 963 1979; baseline 0 0"><span class='ocrx_word' id='word_1_161' title='bbox 407 1945 560 1979; x_wconf 85' lang='lat' dir='ltr'>Vivebat</span> <span class='ocrx_word' id='word_1_162' title='bbox 577 1956 671 1979; x_wconf 87' lang='lat' dir='ltr'>anno</span> <span class='ocrx_word' id='word_1_163' title='bbox 690 1954 963 1979; x_wconf 81' lang='lat' dir='ltr'>MCLxxxvm.</span> 
     </span>
    </p>
   </div>
   <div class='ocr_carea' id='block_1_8' title="bbox 707 2058 1389 2098">
    <p class='ocr_par' dir='ltr' id='par_1_12' title="bbox 707 2058 1389 2098">
     <span class='ocr_line' id='line_1_26' title="bbox 707 2058 1389 2098; baseline 0.003 -6"><span class='ocrx_word' id='word_1_164' title='bbox 707 2058 979 2092; x_wconf 88' lang='lat' dir='ltr'><strong>GALTERUS</strong></span> <span class='ocrx_word' id='word_1_165' title='bbox 1005 2058 1254 2094; x_wconf 89' lang='lat' dir='ltr'><strong>OGILVIUS.</strong></span> <span class='ocrx_word' id='word_1_166' title='bbox 1306 2062 1389 2098; x_wconf 86' lang='lat'><strong>995.</strong></span> 
     </span>
    </p>
   </div>
   <div class='ocr_carea' id='block_1_9' title="bbox 359 2172 1738 2435">
    <p class='ocr_par' dir='ltr' id='par_1_13' title="bbox 359 2172 1738 2387">
     <span class='ocr_line' id='line_1_27' title="bbox 360 2172 1738 2218; baseline 0.002 -12"><span class='ocrx_word' id='word_1_167' title='bbox 360 2178 380 2192; x_wconf 79' lang='lat'>‘⁴</span> <span class='ocrx_word' id='word_1_168' title='bbox 399 2172 621 2206; x_wconf 78' lang='lat' dir='ltr'><strong>GALTERUS</strong></span> <span class='ocrx_word' id='word_1_169' title='bbox 639 2172 816 2218; x_wconf 85' lang='lat' dir='ltr'>OgilviuS‚</span> <span class='ocrx_word' id='word_1_170' title='bbox 840 2172 1011 2218; x_wconf 89' lang='lat' dir='ltr'>singulari</span> <span class='ocrx_word' id='word_1_171' title='bbox 1029 2172 1212 2206; x_wconf 81' lang='lat' dir='ltr'>exundans</span> <span class='ocrx_word' id='word_1_172' title='bbox 1229 2173 1439 2218; x_wconf 89' lang='lat' dir='ltr'>eloquentia,</span> <span class='ocrx_word' id='word_1_173' title='bbox 1465 2174 1551 2208; x_wconf 88' lang='lat' dir='ltr'>adeo</span> <span class='ocrx_word' id='word_1_174' title='bbox 1568 2179 1609 2209; x_wconf 91' lang='lat' dir='ltr'>ut</span> <span class='ocrx_word' id='word_1_175' title='bbox 1626 2174 1738 2208; x_wconf 89' lang='lat' dir='ltr'>homi-</span> 
     </span>
     <span class='ocr_line' id='line_1_28' title="bbox 359 2229 1737 2273; baseline 0.001 -10"><span class='ocrx_word' id='word_1_176' title='bbox 359 2241 440 2263; x_wconf 90' lang='lat' dir='ltr'>nem</span> <span class='ocrx_word' id='word_1_177' title='bbox 458 2229 647 2263; x_wconf 86' lang='lat' dir='ltr'>verborum</span> <span class='ocrx_word' id='word_1_178' title='bbox 665 2229 775 2273; x_wconf 85' lang='lat' dir='ltr'>copia,</span> <span class='ocrx_word' id='word_1_179' title='bbox 793 2229 965 2263; x_wconf 84' lang='lat' dir='ltr'>sermonis</span> <span class='ocrx_word' id='word_1_180' title='bbox 988 2229 1159 2269; x_wconf 86' lang='lat' dir='ltr'>ubertate,</span> <span class='ocrx_word' id='word_1_181' title='bbox 1178 2235 1363 2264; x_wconf 87' lang='lat' dir='ltr'>venustate</span> <span class='ocrx_word' id='word_1_182' title='bbox 1381 2231 1648 2272; x_wconf 88' lang='lat' dir='ltr'>sententiarum,</span> <span class='ocrx_word' id='word_1_183' title='bbox 1666 2243 1737 2266; x_wconf 89' lang='lat' dir='ltr'>non</span> 
     </span>
     <span class='ocr_line' id='line_1_29' title="bbox 359 2286 1735 2327; baseline 0.002 -7"><span class='ocrx_word' id='word_1_184' title='bbox 359 2286 464 2320; x_wconf 93' lang='lat' dir='ltr'>modo</span> <span class='ocrx_word' id='word_1_185' title='bbox 482 2286 664 2326; x_wconf 85' lang='lat' dir='ltr'>delectare,</span> <span class='ocrx_word' id='word_1_186' title='bbox 682 2286 742 2320; x_wconf 89' lang='lat' dir='ltr'>sed</span> <span class='ocrx_word' id='word_1_187' title='bbox 763 2286 924 2320; x_wconf 86' lang='lat' dir='ltr'>lascivire</span> <span class='ocrx_word' id='word_1_188' title='bbox 950 2291 986 2320; x_wconf 88' lang='lat' dir='ltr'>et</span> <span class='ocrx_word' id='word_1_189' title='bbox 1007 2286 1188 2320; x_wconf 87' lang='lat' dir='ltr'>luxuriare</span> <span class='ocrx_word' id='word_1_190' title='bbox 1213 2287 1375 2327; x_wconf 89' lang='lat' dir='ltr'>diceres,”</span> <span class='ocrx_word' id='word_1_191' title='bbox 1400 2288 1452 2322; x_wconf 90' lang='lat' dir='ltr'>ait</span> <span class='ocrx_word' id='word_1_192' title='bbox 1479 2287 1582 2322; x_wconf 82' lang='lat' dir='ltr'>Hect.</span> <span class='ocrx_word' id='word_1_193' title='bbox 1609 2287 1735 2323; x_wconf 90' lang='lat' dir='ltr'>Boeth.</span> 
     </span>
     <span class='ocr_line' id='line_1_30' title="bbox 359 2342 1292 2387; baseline -0.001 -10"><span class='ocrx_word' id='word_1_194' title='bbox 359 2344 397 2377; x_wconf 91' lang='lat' dir='ltr'>in</span> <span class='ocrx_word' id='word_1_195' title='bbox 414 2342 449 2377; x_wconf 90' lang='lat' dir='ltr'>V</span> <span class='ocrx_word' id='word_1_196' title='bbox 450 2343 501 2377; x_wconf 89' lang='lat' dir='ltr'>ita</span> <span class='ocrx_word' id='word_1_197' title='bbox 517 2342 777 2387; x_wconf 84' lang='lat' dir='ltr'>Episcoporum</span> <span class='ocrx_word' id='word_1_198' title='bbox 794 2342 1113 2377; x_wconf 86' lang='lat' dir='ltr'>Aberdonensium.</span> <span class='ocrx_word' id='word_1_199' title='bbox 1165 2342 1292 2377; x_wconf 87' lang='lat' dir='ltr'>Edidit</span> 
     </span>
    </p>

    <p class='ocr_par' dir='ltr' id='par_1_14' title="bbox 508 2399 1348 2435">
     <span class='ocr_line' id='line_1_31' title="bbox 508 2399 1348 2435; baseline 0.002 -2"><span class='ocrx_word' id='word_1_200' title='bbox 508 2399 714 2434; x_wconf 87' lang='lat' dir='ltr'>Rhetorices</span> <span class='ocrx_word' id='word_1_201' title='bbox 733 2399 856 2434; x_wconf 84' lang='lat' dir='ltr'>Flores</span> <span class='ocrx_word' id='word_1_202' title='bbox 1239 2400 1300 2435; x_wconf 90' lang='lat' dir='ltr'>lib.</span> <span class='ocrx_word' id='word_1_203' title='bbox 1321 2409 1348 2435; x_wconf 83' lang='lat'>1.</span> 
     </span>
    </p>
   </div>
  </div>
 </body>
</html>
