2060 2848
403 349 487 381 5621ἱ
797 350 1030 384 HISTORIA
1054 351 1430 385 ECCLESIASTICA

406 444 514 486 facit3
535 445 596 479 sed
609 456 675 491 ego
690 444 862 479 vindicias
876 447 1071 481 secundum
1089 451 1246 481 veterem
1262 447 1375 482 ritum
1393 451 1486 492 peto,
1506 452 1542 483 et
1554 458 1664 483 manu
1677 448 1807 495 injecta

410 510 537 536 MEUM
556 513 685 537 assero.

777 618 1091 653 RADULPHUS
1116 617 1199 653 AB.
1226 617 1272 653 E.
1326 617 1435 654 1063.

411 732 666 768 RADULPHUS
685 733 823 768 abbatis
841 734 1054 768 auctoritate
1079 732 1287 768 Melrosiam
1313 734 1459 780 regebat
1481 734 1568 768 dum
1593 734 1630 769 in
1652 735 1808 770 Scotiam

410 791 549 835 appulit
573 790 730 825 Joannes
754 789 791 824 S.
817 790 862 824 R.
887 789 934 823 E.
961 789 1164 823 Cardinalis
1190 787 1225 822 S.
1254 788 1428 833 Stephani
1454 789 1498 823 de
1524 789 1651 824 Monte
1676 790 1808 832 Caelio,

409 849 546 893 legatus
577 859 598 882 a
627 849 736 882 latere
766 859 830 892 per
860 847 1016 881 Scotiam
1046 850 1080 881 et
1112 844 1338 886 Hiberniam,
1373 846 1436 890 qui
1468 846 1603 881 indicto
1633 846 1808 882 Perthum

409 905 546 939 dierum
572 910 727 950 quatuor
750 905 899 939 concilio
925 914 1040 938 mores
1072 902 1390 937 ecclesiasticorum
1417 902 1639 944 reformavit,
1665 910 1742 939 tum
1770 905 1808 939 in

412 962 623 997 Hiberniam
651 973 695 997 ex
720 962 832 997 officio
858 961 1047 1008 legationis
1073 960 1256 1001 concessit,
1282 971 1473 1005 secumque
1495 960 1729 1006 Radulphum
1747 962 1808 997 ab·

410 1020 527 1054 batem
551 1020 712 1061 abduxit,
739 1024 774 1055 et
798 1020 978 1055 ecclesiam
1005 1018 1225 1058 Dunensem,
1251 1029 1297 1052 ex
1322 1022 1438 1053 morte
1463 1019 1520 1053 sui
1538 1020 1711 1064 praesulis
1729 1030 1807 1064 pas-

410 1082 485 1111 tore
511 1078 731 1118 destitutam,
759 1077 790 1111 ei
821 1076 1010 1117 commisit,
1041 1075 1103 1121 qui
1130 1075 1397 1122 religiosissime
1423 1087 1501 1110 eam
1527 1077 1805 1112 administravit.

407 1134 556 1179 Scripsit

554 1191 649 1227 Acta
666 1192 816 1227 Concilii
834 1191 1008 1226 Perthani
1350 1190 1411 1225 lib.
1432 1200 1458 1225 1.

526 1283 529 1286 Α
552 1249 613 1283 Ad
630 1261 713 1284 suos
732 1250 981 1284 Melrosienses
1350 1249 1411 1283 lib.
1432 1258 1457 1282 1.

554 1306 756 1352 Epistulam
775 1308 820 1342 ad
837 1306 861 1340 J
863 1317 1013 1341 oannem
1031 1306 1190 1352 legatum
1352 1305 1413 1341 lib.
1434 1315 1460 1340 1.

454 1364 514 1398 Ex
542 1364 660 1399 Scotia
687 1366 727 1399 in
755 1364 969 1399 Hiberniam
998 1364 1157 1409 legatum
1188 1363 1424 1407 apostolicum
1450 1368 1505 1398 est
1538 1368 1679 1399 secutus
1712 1375 1805 1400 anno

407 1430 520 1456 MCCI.
551 1421 840 1457 Scotichronicon
851 1421 912 1456 lib.
925 1430 1014 1455 vin.
1027 1431 1103 1465 cap.
1116 1428 1203 1454 LXI.
1238 1420 1422 1461 Quamdiu
1433 1421 1576 1462 sederit,
1587 1433 1660 1457 non
1671 1423 1804 1458 inveni.

823 1534 1157 1571 REGINALDUS
1183 1535 1224 1570 C.
1279 1534 1387 1570 1064.

406 1652 696 1693 REGINALDUS,
717 1652 856 1696 primus
883 1651 990 1685 abbas
1016 1650 1176 1685 coenobii
1200 1649 1426 1685 Abbirbroth
1448 1662 1511 1685 seu
1533 1651 1706 1692 Arbroth,
1732 1653 1803 1687 Ro-

405 1721 500 1743 mam
518 1721 598 1744 cum
616 1709 756 1744 Joanne
774 1708 809 1743 S.
829 1708 995 1743 Andreae
1017 1708 1180 1742 antistite
1205 1708 1356 1753 legatus,
1379 1711 1422 1742 ut
1445 1708 1685 1743 obedientiam
1708 1711 1803 1757 regis

406 1767 591 1801 &vilhelmi
611 1768 755 1801 nomine
772 1770 982 1811 praestaret.
1033 1764 1240 1799 Alexander
1258 1764 1328 1799 ΙΙΙ.
1346 1765 1409 1810 qui
1428 1770 1506 1801 tum
1519 1767 1559 1800 in
1573 1766 1673 1801 Petri
1687 1768 1804 1802 cathe-

407 1825 472 1858 dra
506 1824 661 1864 sedebat,
696 1835 815 1858 rosam
850 1834 994 1857 auream
1025 1822 1183 1857 balsamo
1211 1822 1396 1867 impletam
1422 1823 1536 1857 eidem
1566 1824 1643 1870 regi
1671 1825 1805 1859 donum

406 1882 515 1921 misit,
539 1886 581 1916 ut
607 1881 717 1916 refert
743 1881 849 1915 Hect.
877 1880 1007 1914 Boeth.
1033 1880 1095 1914 lib.
1123 1888 1216 1913 XIII.
1244 1879 1343 1914 Hist.
1371 1879 1465 1915 Scot.
1489 1892 1572 1928 pag·
1599 1891 1803 1917 CCLxxnI.

406 1943 494 1979 tum,
513 1939 574 1973 ubi
593 1950 754 1984 proceres
772 1939 810 1972 in
828 1938 936 1972 verba
953 1936 1152 1972 Alexandri
1169 1937 1320 1971 triennis
1338 1942 1481 1973 tantum
1498 1939 1684 1973 Wilhelmi
1709 1941 1804 1987 regis

408 1996 470 2030 filii
483 1997 679 2042 jurassent,
696 1996 872 2040 fidemque
890 1996 919 2029 ei
939 2000 982 2029 ut
1003 1995 1080 2041 regi
1107 1994 1363 2035 exhibuissent,
1388 1996 1433 2029 ad
1459 1997 1610 2030 eundem
1636 2008 1756 2043 regem
1783 2008 1803 2031 a

407 2065 546 2088 summo
575 2053 741 2098 pontifice
771 2054 910 2099 legatus
939 2053 1049 2092 venit,
1079 2056 1100 2071 ‘⁶
1126 2062 1258 2092 ensem,
1291 2052 1394 2098 cujus
1424 2054 1571 2098 capulus
1603 2055 1804 2100 vaginaque

407 2122 514 2145 aurea
539 2111 690 2157 gemmis
722 2110 891 2144 distincta
921 2114 1008 2150 erat,
1036 2114 1072 2144 et
1098 2110 1260 2156 galerum
1285 2121 1522 2154 purpureum,
1548 2111 1720 2146 indicium
1751 2123 1804 2145 ec-

407 2168 531 2202 clesiae
561 2167 766 2207 defensoris,
797 2167 979 2208 afferens,'’
1009 2167 1103 2201 idem
1133 2166 1263 2201 Boeth.
1290 2178 1373 2213 pag.
1401 2176 1614 2203 CCLXXVH.
1667 2168 1803 2203 Ensem

406 2225 467 2259 diu
512 2236 727 2259 successores
771 2225 920 2259 sollicite
963 2228 1232 2264 conservarunt,
1275 2225 1396 2270 galero
1443 2225 1592 2260 donavit
1632 2224 1802 2272 Reginal-

407 2283 503 2322 dum,
530 2294 635 2327 quem
662 2293 734 2316 non
761 2286 815 2316 est
840 2282 974 2316 mirum
1000 2283 1095 2316 inter
1120 2281 1316 2316 cardinales
1344 2282 1389 2317 ab
1415 2282 1517 2317 Italis
1541 2294 1613 2317 non
1638 2294 1804 2317 numera-

405 2344 494 2379 tum,
520 2340 615 2384 quod
641 2340 739 2373 brevi
767 2344 846 2384 post
873 2350 1054 2384 purpurae
1083 2339 1254 2374 honorem
1281 2344 1463 2384 acceptum
1491 2340 1632 2386 abjecit.
1684 2340 1803 2385 Scrip-

403 2397 451 2431 sit

553 2453 608 2488 De
627 2453 822 2500 Legatione
840 2465 904 2488 sua
1349 2454 1408 2488 lib.
1430 2463 1455 2488 1.
