2060 2848
393 319 457 350 586
775 317 1007 351 HISTORIA
1031 316 1407 351 ECCLESIASTICA

547 413 680 448 Contra
711 413 1038 460 Magdeburgenses
1067 412 1334 448 Centuriatores
1387 412 1447 447 lib.
1478 421 1503 446 1.
1569 412 1675 452 Quod
1705 424 1793 458 opus

596 472 681 505 dum
700 471 863 505 emittere
880 475 1033 515 pararet,
1051 470 1173 504 amicis
1191 469 1503 515 interpellantibus
1516 469 1668 510 distulit,
1683 475 1724 504 ut
1738 482 1793 504 res

598 529 752 563 Scoticas
764 528 879 562 fusius
893 532 1162 572 exsequeretur3
1182 529 1278 573 quod
1292 539 1363 562 non
1375 528 1505 572 potuit,
1518 532 1633 561 morte
1646 539 1795 572 preven-

594 592 664 626 tus,
679 585 824 620 efficere.
861 584 931 620 Est
949 596 1038 629 opus
1055 596 1139 619 sane
1157 585 1268 629 pium,
1287 585 1441 625 varium,
1459 589 1495 619 et
1513 585 1705 625 eruditum,
1723 596 1795 629 quo

595 643 754 689 singulas
785 643 1041 677 insanientium
1072 642 1331 675 haereticorum
1358 642 1576 686 imposturas
1605 642 1796 688 diligenter

595 701 740 740 detexit,
759 705 794 734 et
812 700 949 733 erudite
966 698 1150 733 refutavit.

449 758 607 792 Docebat
625 757 775 791 Parisiis
793 767 887 790 anno
908 764 1134 789 MDLxxxv.
1189 754 1289 789 Obiit
1307 765 1402 790 anno
1422 764 1571 790 MDCXI.

716 869 932 905 THOMAS
957 868 1233 903 SMETONUS
1261 869 1309 903 H.
1365 870 1473 903 1054.

402 988 579 1021 'monas
597 987 788 1021 Smetonus
807 984 1096 1025 Dumblanensis,
1116 988 1152 1019 et
1169 985 1244 1029 ipse
1261 984 1484 1019 humanioris
1503 984 1711 1019 literaturae
1730 985 1796 1019 Pa-

402 1045 497 1079 risiis
515 1044 705 1089 professor,
723 1055 763 1078 ac
780 1043 907 1077 deinde
930 1043 1074 1076 nomine
1098 1042 1267 1077 Societati
1290 1042 1379 1078 Jesu
1404 1044 1499 1084 dato,
1525 1043 1564 1077 in
1590 1043 1797 1078 Claromon-

402 1108 485 1136 tano
509 1102 640 1136 ibidem
663 1102 821 1147 collegio,
852 1111 982 1146 magno
1008 1100 1142 1146 ingenii
1165 1102 1350 1145 applausu,
1374 1101 1515 1135 easdem
1541 1105 1636 1135 artes
1663 1101 1795 1141 docuit,

402 1160 461 1193 sed
479 1163 641 1204 apostata
659 1159 740 1192 vilis
758 1162 891 1202 postea,
911 1161 946 1191 et
964 1167 1082 1191 sacrae
1099 1158 1250 1192 militiae
1267 1159 1437 1198 desertor,
1456 1158 1656 1193 haereticus
1674 1158 1797 1192 minis—

402 1218 505 1250 tellus
523 1216 604 1250 fuit.
658 1216 810 1261 Scripsit
876 1242 878 1244 .

549 1273 683 1308 Contra
717 1273 927 1306 Archibaldi
960 1271 1175 1305 Hamiltonii
1207 1271 1438 1306 Calvinianae
1469 1271 1699 1306 Confusionis
1729 1272 1799 1306 De-

599 1330 893 1364 monstrationem
916 1329 976 1363 lib.
998 1337 1022 1363 1.
1050 1340 1139 1373 opus
1158 1330 1349 1364 verborum
1367 1334 1497 1364 ornatu
1515 1340 1588 1364 non
1605 1330 1798 1376 inelegans,

597 1388 658 1422 sed
676 1388 836 1421 doctrina
853 1398 1017 1421 vacuum.

548 1445 786 1490 Epitaphium
818 1444 1003 1478 Metellani
1039 1444 1100 1479 lib.
1133 1455 1158 1479 1.
1198 1445 1255 1479 cui
1283 1445 1343 1479 ille
1369 1445 1408 1479 in
1439 1444 1546 1480 Italia
1573 1455 1690 1480 comes
1718 1447 1798 1484 hae-

600 1507 704 1537 serat.
746 1502 782 1536 Is
800 1507 854 1536 est
868 1502 1083 1536 Metellanus
1101 1503 1164 1547 qui
1181 1502 1220 1536 in
1237 1502 1391 1549 Dialogo
1411 1504 1455 1537 de
1468 1502 1492 1536 J
1494 1514 1557 1537 ure
1570 1503 1689 1549 Regni
1703 1504 1797 1548 apud

600 1559 859 1593 Buchananum
878 1560 1144 1603 interloquitur·

451 1618 609 1652 Docebat
639 1617 806 1651 secularis
834 1616 1001 1651 Lutetiae
1031 1628 1125 1651 anno
1156 1626 1337 1651 MDLXIV.
1377 1617 1479 1652 Obiit
1510 1622 1674 1662 apostata
1704 1629 1797 1652 anno

404 1683 651 1709 MDLxxvlu.
691 1673 908 1720 Edimburgi
954 1685 999 1707 an
1046 1675 1141 1715 alibi,
1189 1685 1254 1719 pro
1297 1680 1480 1720 comperto
1521 1686 1594 1710 non
1641 1686 1797 1710 asserue-

402 1745 481 1767 1‘1111.

705 1846 967 1880 HENRICUS
994 1845 1331 1881 SCRIMGERUS.
1387 1849 1494 1881 1055.

405 1963 621 1996 IIEchUs
648 1961 881 2008 Scrimgerus,
905 1973 949 1996 ex
965 1961 1187 1996 nobilissima
1208 1961 1345 1996 familia
1371 1962 1545 2007 Dudopae
1562 1961 1798 1997 Deidonensis

403 2019 581 2064 praefecti,
614 2021 723 2066 vulgo
758 2020 988 2059 conestabuh,
1019 2019 1271 2065 Fuggerorum
1305 2019 1496 2066 Augustae
1529 2019 1799 2054 Vindelicorum

402 2077 645 2112 munificentia
662 2078 783 2111 literas
802 2078 933 2118 coluit3
959 2088 1024 2111 suo
1042 2087 1130 2111 aevo
1146 2076 1309 2117 Latinae,
1329 2076 1495 2118 Graecae,
1514 2089 1554 2112 ac
1572 2078 1799 2112 orientalium

403 2136 607 2181 linguarum
633 2135 883 2180 peritissimus,
910 2135 967 2169 vir
991 2134 1187 2168 indefessae
1212 2135 1385 2176 lectionis,
1411 2135 1540 2181 judicii
1570 2135 1798 2174 limatissimi,

403 2194 478 2226 sine
496 2192 578 2226 fuco
595 2193 799 2227 ambitionis
819 2193 991 2232 eruditus,
1009 2203 1123 2236 usque
1148 2193 1236 2226 adeo
1257 2198 1299 2226 ut
1322 2192 1478 2227 Jacobus
1502 2192 1671 2239 Cujacius
1694 2191 1798 2236 profi-

403 2254 521 2283 teatur
539 2260 575 2283 se
593 2250 638 2284 ab
655 2250 732 2295 ejus
755 2261 948 2296 congressu
969 2260 1154 2294 nunquam
1175 2250 1245 2284 nisi
1269 2251 1461 2284 doctiorem
1486 2250 1657 2289 recedere,
1684 2251 1799 2284 multa

403 2307 565 2341 edoctum
591 2307 766 2352 irreperta
792 2307 1058 2352 interpretibus.
1111 2306 1261 2352 Scripsit
1284 2308 1409 2349 multa,
1436 2312 1479 2342 ut
1501 2318 1606 2342 nemo
1623 2318 1664 2341 eo
1682 2307 1798 2341 seculo

403 2365 527 2408 plura:
556 2364 592 2398 in
611 2364 678 2404 his,
