2060 2848
377 309 440 339 520
760 308 993 342 HISTORIA
1017 308 1392 343 ECCLESIASTICA

380 403 533 437 racula.”
560 402 737 437 Trithem.
757 403 818 438 lib.
839 413 900 438 111.
925 403 968 437 de
986 403 1064 438 Vir.
1080 404 1210 439 illustr.
1229 404 1266 439 S.
1286 404 1471 440 Benedicti
1489 416 1564 451 cap.
1580 415 1777 441 ceexxw.

382 465 402 479 “
421 460 476 495 De
494 460 597 506 cujus
615 461 834 505 sepulchro,’'
860 461 968 496 nimis
993 460 1123 507 frigide
1146 461 1306 497 Florent.
1324 461 1589 508 Wigorniensis
1615 475 1656 498 eo
1681 475 1776 498 anno

379 530 461 564 pag.
483 527 577 553 1³01..
604 522 625 537 ‘⁶
642 519 817 563 quaedam
841 519 933 553 bona
951 519 1177 554 narrantur.”
1238 519 1448 564 Scripserat‚
1467 525 1508 555 ut
1527 532 1572 555 ex
1590 520 1775 567 Sigeberto

380 580 537 621 apparet,

530 632 880 668 praedestinationes
930 633 992 667 lib.
1012 643 1039 667 1.
1057 634 1219 678 exemplo
1237 633 1273 668 S.
1292 634 1474 680 Brigidae.

429 690 643 726 Exstinctus
662 694 715 724 est
733 702 827 724 anno
846 699 1000 724 MLvnI.
1036 689 1281 725 Paderbruma
1294 696 1414 725 autem
1428 692 1555 726 civitas
1569 692 1774 739 Rheginoni

379 750 417 783 in
435 747 624 782 Chronicis
642 748 687 781 ad
705 758 839 781 annum
854 756 1099 781 DCCLXXVH.
1119 746 1382 782 Padresbruma
1395 749 1508 787 audit,
1521 749 1613 784 forte
1628 747 1776 797 Τειδέςιον

379 806 596 845 Ptolomaeo,
615 803 801 838 Teuderus
819 804 956 848 priscis,
975 809 1017 838 ut
1034 808 1139 849 putat
1157 803 1199 838 P.
1218 803 1420 849 Appianus.
1470 804 1632 841 Incertus
1650 807 1775 842 Anna-

379 864 466 896 lium
503 861 757 895 Francicorum
793 861 944 906 scriptor
979 861 1024 895 ad
1058 872 1192 895 annum
1236 869 1434 896 DCCXCIX.
1481 867 1517 897 et
1555 864 1601 897 ad
1641 875 1776 899 annum

380 927 584 954 DccchV.
634 918 874 959 Frodoardus,
901 919 939 952 in
971 918 1149 953 Chronico
1179 919 1224 953 ad
1252 929 1387 953 annum
1413 927 1678 956 ncceevan.
1706 932 1777 956 me-

377 977 485 1011 minit
503 976 668 1010 Dudonis
686 976 842 1021 episcopi
862 975 1180 1010 paderburnensis.

868 1090 904 1125 S.
932 1090 1116 1126 ΡΑΤΤΟ.
1172 1094 1280 1128 1000.

377 1210 412 1244 S.
433 1209 586 1250 ΡΑΤΤΟ,
604 1210 798 1244 monachus
816 1208 1082 1248 Benedictinus‚
1101 1209 1291 1244 sanctitate
1308 1209 1416 1250 vitae,
1434 1209 1646 1244 eruditionis
1660 1211 1774 1257 gloria

378 1267 534 1308 celebris,
565 1267 672 1300 abbas
702 1263 1012 1300 Amarbaricensis
1041 1265 1283 1307 renunciatus,
1314 1266 1455 1301 Albert.
1488 1266 1623 1301 Crantz
1652 1268 1714 1302 lib.
1747 1278 1772 1302 1.

377 1324 568 1369 Metropol.
595 1335 671 1368 cap.
692 1332 783 1357 xxx.
811 1322 950 1367 Gaspar
975 1322 1173 1356 Bruschius
1199 1322 1238 1356 in
1265 1323 1460 1370 Catalog03
1488 1329 1524 1359 et
1549 1335 1630 1359 cum
1653 1325 1716 1359 diu
1733 1337 1775 1360 eo

376 1393 522 1416 munere
553 1382 611 1426 pie
641 1381 769 1415 fuisset
795 1379 953 1420 functus,
984 1391 1006 1413 a
1036 1378 1164 1413 Carolo
1196 1379 1333 1427 Magno
1363 1381 1550 1426 episcopus
1579 1380 1773 1417 Verdensis

376 1440 551 1473 secundus
568 1443 719 1473 creatus.
772 1437 923 1482 Scripsit

526 1495 570 1530 In
589 1495 875 1530 Pentateuchum
895 1495 1046 1540 Moysis,
1065 1494 1126 1529 lib.
1145 1504 1171 1529 1.
1224 1494 1396 1531 Forduno
1413 1501 1567 1531 auctore.
1620 1497 1775 1543 Reliqua

573 1554 693 1588 omnia
710 1553 936 1592 interierunt,
962 1563 1043 1586 cum
1069 1563 1174 1586 nemo
1199 1553 1261 1587 illo
1287 1564 1328 1587 eo
1350 1555 1468 1588 seculo
1494 1558 1558 1589 aut
1579 1555 1684 1599 plura
1709 1560 1773 1589 aut

575 1611 722 1645 meliora
739 1610 949 1654 scripsisset.

426 1669 530 1704 Vixit
560 1679 653 1702 anno
685 1676 831 1702 Deccx.
864 1667 925 1701 sed
959 1667 1132 1712 quamdiu
1158 1667 1401 1712 episcopatum
1431 1669 1576 1709 rexerit,
1608 1674 1671 1703 aut
1697 1669 1771 1710 ubi,

375 1739 492 1773 quove
534 1726 660 1760 mortis
702 1736 831 1771 genere
878 1724 1078 1765 defunctus,
1125 1735 1198 1759 non
1239 1725 1367 1770 reperi.
1436 1725 1649 1760 Sanctorum
1691 1727 1773 1761 albo

377 1786 583 1829 ascriptum,
601 1784 702 1818 docet
721 1783 856 1817 Molan.
875 1782 1068 1827 appendice
1085 1782 1130 1816 ad
1149 1782 1451 1829 Martyrologium
1470 1783 1640 1823 Usuardi,
1667 1784 1728 1818 sed
1751 1795 1773 1818 a

378 1854 448 1888 quo
466 1853 559 1887 papa
575 1846 639 1876 aut
656 1852 727 1886 quo
746 1840 802 1874 die
825 1851 897 1874 non
914 1839 1095 1884 exprimit.
1130 1839 1282 1874 Arnold.
1298 1839 1420 1874 Uvion
1436 1840 1499 1875 lib.
1518 1849 1562 1875 11.
1580 1840 1691 1887 Ligni
1709 1841 1772 1876 Vi-

376 1906 433 1934 tae
451 1911 527 1944 cap.
548 1908 613 1933 LV.
631 1898 769 1933 Anton.
792 1897 1004 1931 Demochar.
1024 1902 1111 1932 tom.
1132 1905 1176 1931 11.
1203 1896 1373 1931 Saerificii
1391 1898 1526 1933 Missae
1543 1909 1619 1943 cap.
1638 1907 1770 1933 XXXV.

375 1958 398 1991 J
400 1969 531 1992 oannes
549 1957 719 1992 Leslaeus
737 1955 798 1990 lib.
820 1964 874 1989 IV.
927 1954 1067 1989 Colitur
1084 1955 1141 1989 die
1159 1963 1262 1989 xxx.
1282 1955 1422 1990 Martii.

820 2071 856 2105 S.
885 2069 1170 2105 PATRICIUS.
1225 2073 1331 2106 1001.

376 2188 411 2223 S.
431 2189 673 2223 PA'rmciUM
692 2187 888 2222 Hiberniae
914 2186 1130 2231 episcopum,
1156 2191 1220 2221 aut
1246 2186 1384 2222 Scotiae
1409 2188 1621 2233 praesulem,
1651 2193 1692 2222 ut
1718 2189 1770 2223 ait

374 2246 630 2281 Volaterranus
642 2246 703 2279 lib.
719 2254 809 2279 xlx.
823 2256 905 2290 pag.
921 2253 1051 2278 DLXX-
1069 2243 1278 2289 (utrumque
1288 2249 1393 2285 recte,
1403 2256 1487 2279 nam
1498 2245 1598 2289 prius
1611 2245 1770 2280 scoticae

376 2303 539 2337 ecclesiae
550 2303 715 2347 praefuit,
731 2303 958 2347 postmodum
971 2301 1200 2347 Hibernicae)
1219 2301 1313 2336 Galli
1325 2301 1525 2336 Aremorici
1538 2303 1649 2336 civem
1663 2313 1770 2337 suum

375 2360 522 2400 faciunt,
532 2359 644 2406 Angli
656 2360 723 2394 sibi
735 2360 856 2394 eodem
864 2360 947 2405 jure
958 2370 1030 2404 quo
1041 2359 1128 2393 alios
1140 2360 1271 2393 multos
1283 2359 1384 2393 nobis
1396 2359 1618 2404 impudentia
1629 2370 1770 2394 summa

375 2418 560 2462 subreptos
596 2417 789 2457 vindicant,
830 2417 983 2451 Hiberni
1022 2416 1372 2461 improbabilioribus
1411 2418 1633 2463 argumentis
1673 2418 1768 2462 apud
