2060 2848
330 299 393 330 458
714 300 945 334 HISTORIA
969 302 1342 337 ECCLESIASTICA

480 395 659 430 Homilias
677 397 722 431 ad
740 397 919 442 Populum
1270 399 1331 433 lib.
1353 408 1378 433 Ι.

478 452 533 488 De
551 453 731 489 Trinitate
1266 456 1327 491 lib.
1348 465 1401 491 IV.

379 511 501 546 Floret
518 523 612 546 anno
630 520 751 546 DL111.
804 512 944 547 Colitur
961 514 1017 548 die
1035 523 1104 548 XV.
1123 513 1318 549 Novembr.
1370 514 1533 549 Breviar.
1553 514 1679 550 Scotic.

775 628 810 663 S.
838 627 1133 664 MAXENTIA.
1186 628 1270 664 866.

329 744 364 777 S.
397 743 634 778 MAXENTIA
664 744 777 789 virgo,
812 742 989 777 Soluathii
1019 744 1159 779 Scotiae
1188 745 1285 791 regis
1317 744 1400 786 filia,
1432 750 1496 780 aut
1526 745 1719 786 Malcolmi‚

329 807 369 835 ut
395 802 447 835 ait
473 801 651 835 Robertus
669 801 850 848 Bukland.
877 802 915 835 in
940 801 1028 836 Vita
1053 802 1266 836 Sanctorum
1291 812 1374 848 pag.
1400 811 1600 836 CCXXXVI.
1629 814 1722 837 mar-

330 859 414 904 tyrii
432 860 587 903 palmam
605 859 643 892 in
662 858 788 893 Galliis
806 859 936 893 meruit
954 869 1064 903 prope
1082 863 1239 903 pontem,
1262 859 1325 904 qui
1343 859 1540 894 etiamnum
1557 860 1663 894 hodie
1681 872 1722 894 eo

327 914 420 951 facto
438 916 635 951 celebratur
652 928 761 961 prope
778 916 1020 957 Bellovacum,
1040 917 1102 951 ubi
1121 918 1293 961 templum
1312 917 1345 951 ei
1361 921 1530 951 erectum.
1582 916 1720 952 Claruit

326 986 419 1008 anno
438 983 620 1009 Decxen.
656 974 796 1009 Colitur
813 975 870 1008 die
887 983 961 1010 xx,
979 973 1206 1015 Novembris,
1225 974 1388 1009 Breviar.
1408 973 1503 1008 Scot.
1523 978 1585 1008 aut
1600 983 1719 1009 xxvl.

327 1032 504 1067 Octobris.
548 1032 703 1067 Mirifica
720 1031 903 1077 opulentia
919 1043 1055 1067 sacram
1073 1032 1106 1066 ei
1124 1033 1247 1066 aedem
1265 1032 1416 1067 Carolus
1435 1031 1593 1078 Magnus
1611 1032 1721 1068 hono-

328 1091 432 1125 ravit.

772 1206 809 1241 S.
836 1204 1135 1261 MANERRUS.
1189 1204 1272 1242 867.

327 1323 362 1356 S.
382 1322 629 1364 MANERRUS,
650 1323 687 1357 in
705 1322 822 1367 patria
839 1322 1035 1366 episcopus,
1056 1332 1165 1366 quam
1182 1320 1320 1355 meritis
1338 1321 1473 1367 gloriae
1499 1333 1664 1356 coronam
1683 1324 1720 1356 in

328 1381 394 1414 hac
413 1381 487 1415 vita
505 1381 651 1425 sprevit,
669 1381 708 1414 in
725 1381 823 1415 coelo
840 1383 1049 1414 consecutus
1068 1382 1133 1413 est.
1185 1377 1336 1423 Scripsit

475 1439 647 1473 Lecturas
666 1449 782 1473 sacras
1266 1436 1328 1470 lib.
1348 1446 1373 1470 1.

473 1497 586 1531 Locos
604 1506 809 1530 communes
827 1495 866 1529 in
884 1494 1004 1529 Biblia
1264 1494 1325 1528 lib.
1347 1503 1373 1528 Ι.

473 1554 671 1589 Conciones
688 1554 766 1598 pias
1266 1552 1327 1586 lib.
1348 1561 1373 1587 Ι.

374 1612 514 1647 Claruit
532 1623 625 1646 anno
643 1619 873 1645 Deccxmx.
923 1611 1065 1645 Colitur
1081 1610 1127 1645 ab
1143 1610 1287 1645 ecclesia
1304 1609 1452 1650 Scotica‚
1480 1610 1622 1654 templis
1647 1622 1718 1645 non

326 1681 397 1704 uno
415 1671 446 1704 ei
464 1671 540 1704 loco
558 1670 694 1710 erectis,
712 1669 769 1703 die
788 1677 911 1702 XVIII.
930 1668 1116 1703 Decembr.
1166 1668 1329 1702 Breviar.
1347 1666 1475 1702 scotie.
1494 1672 1530 1702 et
1548 1667 1720 1702 Calenda-

326 1729 419 1762 rium
437 1727 569 1762 Adami
590 1727 708 1773 Regii.

771 1843 807 1877 S.
836 1841 1131 1877 MOVEANUS.
1185 1840 1267 1875 868.

325 1961 359 1993 S.
380 1960 632 1993 MOVEANUM
651 1959 765 1994 Scotis
783 1958 962 2005 egregiam
982 1968 1125 2002 operam
1144 1957 1183 1991 in
1200 1956 1376 1991 laboriosa
1401 1967 1583 1991 sacrarum
1602 1956 1717 2000 Scrip-

326 2023 487 2051 turarum
506 2017 726 2062 expositione
753 2027 902 2051 navasse
927 2016 1090 2062 legimus.
1142 2015 1200 2049 Ea
1225 2019 1340 2049 aetate
1366 2015 1567 2049 adolescens
1585 2019 1661 2048 erat
1680 2014 1714 2047 S.

326 2076 473 2115 Blanus,
500 2080 534 2109 et
567 2075 756 2119 episcopali
782 2074 957 2120 dignitate
983 2072 1227 2119 fungebantur
1251 2071 1315 2106 SS.
1340 2071 1533 2118 Congallus
1560 2076 1596 2105 et
1622 2070 1717 2105 Ken-

325 2134 465 2167 nethus.
508 2132 686 2167 Abbatem
704 2133 836 2166 multos
854 2132 987 2166 rexisse
1000 2130 1192 2165 monachos
1206 2129 1425 2164 Scotichron.
1441 2133 1604 2163 testatur.
1650 2128 1716 2161 Pa-

325 2196 449 2224 tronus
466 2190 610 2225 habitus
628 2191 666 2224 in
684 2190 841 2235 Kippau,
859 2189 922 2224 ubi
940 2188 1073 2223 celebre
1100 2188 1132 2222 ei
1158 2188 1332 2232 templum
1358 2198 1440 2221 cum
1466 2186 1714 2220 canonicorum

326 2247 483 2293 collegio,
502 2247 649 2282 florente
667 2248 761 2292 apud
779 2252 956 2282 nostrates
973 2246 1117 2291 pietatis
1136 2247 1221 2280 zelo.
1265 2244 1358 2279 Erat
1376 2245 1466 2278 alius
1484 2244 1529 2278 ab
1540 2255 1581 2278 eo
1593 2243 1715 2277 Move-

325 2317 402 2345 ano,
421 2305 483 2350 qui
502 2316 582 2339 cum
599 2304 662 2339 SS.
681 2305 848 2346 Medano,
866 2305 1034 2351 Vigiano,
1052 2309 1088 2338 et
1107 2304 1184 2337 aliis
1203 2302 1336 2337 floruit.
1389 2301 1538 2346 Scripsit

473 2362 527 2396 De
546 2362 717 2409 Regulari
735 2362 832 2403 Vita,
851 2363 895 2396 ad
913 2361 1121 2401 Monac-hos,
1258 2360 1318 2394 lib.
1340 2369 1364 2393 1.
