2060 2848
682 264 856 297 GENTIS
880 263 1153 303 SCOTORUM,
1178 264 1266 296 LIB.
1291 264 1391 296 XIX.
1662 264 1725 295 646

349 358 404 392 dis
426 357 516 392 Maii
541 357 714 392 translata
738 362 792 391 est
817 355 1007 391 Eistatam.
1068 357 1168 391 Obiit
1194 366 1232 392 V.
1259 357 1392 391 calend.
1419 355 1555 396 Martii,
1582 355 1723 390 Trithe-

349 415 432 453 mio,
450 414 525 447 loco
542 413 698 453 laudato,
714 417 867 447 auctore.
911 412 1015 452 Quod
1033 417 1151 447 autem
1165 414 1258 459 regis
1271 412 1380 446 filiam
1390 412 1536 451 faciunt,
1548 412 1652 446 silent
1665 423 1724 446 an-

348 470 445 503 nales
483 473 669 509 nostrates,
704 475 740 503 et
772 468 928 512 imperiti
962 469 1007 502 ad
1040 468 1243 514 Anglorum
1279 469 1430 514 gloriam
1463 468 1500 501 id
1533 467 1723 508 trahentes,

350 525 519 559 Richardi
537 525 631 570 regis
648 524 757 558 filiam
774 535 849 558 esse
866 525 1002 564 volunt,
1019 525 1081 569 qui
1102 524 1220 558 Lucae
1246 525 1431 558 conditus:
1456 525 1517 558 sed
1542 535 1582 558 eo
1608 524 1725 557 verius

348 586 436 624 puto
465 581 573 615 filiam
607 592 685 615 eam
716 581 893 615 Malduim'
928 580 1047 620 fuisse,
1081 580 1143 625 qui
1172 590 1237 615 LV.
1270 581 1364 625 apud
1398 580 1519 615 Scotos
1552 581 1725 626 regnavit,

348 638 544 672 exstinctus
563 648 655 671 anno
674 645 886 671 DCLXXXV.
904 647 968 670 nec
986 641 1105 671 tamen
1122 642 1217 672 certo
1230 637 1456 678 affirmarim;
1475 648 1587 672 unum
1600 637 1670 671 scio
1684 648 1726 671 ex

347 693 525 728 historicis
554 693 729 739 Anglicis,
755 693 975 727 Richardum
1000 705 1120 740 regem
1144 693 1346 740 Anglorum
1376 705 1417 728 eo
1446 695 1562 728 seculo
1589 695 1727 728 nullum

349 751 469 790 fuisse,
484 761 547 784 nec
560 751 651 784 circa
667 751 729 783 illa
746 754 904 794 tempora
921 751 1034 784 ullum
1048 760 1057 791 ;
1076 751 1137 785 sed
1153 751 1191 784 id
1208 750 1345 784 Scotiae
1357 750 1472 785 fatum
1489 755 1627 785 sanctos
1644 762 1726 786 suos

349 808 487 841 incuria
524 807 738 851 scriptorum
777 806 947 846 amisisse,
981 811 1017 840 et
1050 807 1181 841 multos
1215 807 1429 840 nostratium
1461 817 1525 850 per
1557 806 1727 853 Angliam

349 867 572 898 transeuntes
593 862 731 908 Anglos
753 862 843 896 falso
868 874 890 896 a
913 863 1108 908 peregrinis
1133 863 1362 907 scriptoribus
1388 868 1423 897 et
1447 874 1566 897 rerum
1591 868 1727 897 nostra-

348 931 428 955 rum
454 919 589 965 ignaris
614 919 764 959 habitos,
787 930 875 963 quos
901 930 966 964 ego
991 930 1085 953 nunc
1110 919 1246 964 patriae
1270 930 1367 953 meae
1392 920 1493 964 quasi
1518 920 1726 963 postliminii

343 978 425 1022 jure
454 977 596 1015 redono,
626 979 662 1009 et
686 976 768 1020 jure
796 975 1024 1010 meritissimo
1052 976 1090 1009 in
1115 977 1293 1010 censuales
1318 987 1414 1010 meos
1438 976 1563 1010 refero.
1615 977 1726 1011 Porro

349 1033 567 1077 VValpurgae
589 1031 787 1077 Collegium
810 1032 849 1065 in
867 1031 1123 1076 Zutphaniensi
1141 1033 1310 1066 comitatu
1326 1032 1525 1067 fundatum.
1575 1032 1725 1068 Aubert.

348 1089 507 1122 Miraeus
524 1089 567 1121 de
584 1087 717 1133 Colleg.
736 1087 944 1122 Canonicor.
962 1099 1038 1132 cap.
1057 1098 1107 1123 el.
1152 1089 1318 1122 Meminit
1331 1088 1375 1122 B.
1391 1089 1586 1124 Marcellin.
1601 1091 1640 1125 in
1653 1091 1727 1124 vita

347 1145 384 1179 S.
403 1144 584 1179 Suniberti
602 1145 696 1188 apud
714 1144 859 1178 Surium
877 1148 962 1178 tom.
979 1153 1021 1178 11.
1040 1146 1096 1179 die
1111 1154 1136 1179 1.
1155 1145 1280 1179 Martii
1293 1156 1368 1190 cap.
1383 1155 1459 1179 X1v
1509 1146 1725 1180 Coenobium

348 1204 380 1236 ei
407 1214 516 1246 supra
540 1202 795 1248 Strasburgum
824 1202 862 1235 in
892 1201 1039 1236 Foresto
1064 1202 1156 1236 circa
1185 1213 1318 1236 annum
1350 1211 1533 1237 MLXXIV.
1563 1203 1726 1237 fundavit

350 1259 591 1293 Theudoricus
609 1269 724 1293 comes
742 1258 879 1293 Montis
896 1258 1074 1304 Belgardi.
1118 1257 1323 1304 Wolfgang.
1343 1258 1473 1293 Lazius
1490 1259 1550 1293 lib.
1571 1268 1626 1293 XI.
1645 1270 1724 1304 pag.

350 1324 526 1350 ncxxm.
578 1315 727 1360 Scripsit
1108 1320 1112 1324 ’

495 1372 617 1407 Vitam
635 1372 671 1406 S.
690 1372 888 1407 willibaldi
1231 1373 1291 1406 lib.
1311 1381 1337 1406 1.

493 1428 615 1463 Vitam
645 1428 680 1462 S.
712 1427 919 1462 Wunibaldi
953 1429 1012 1463 lib.
1045 1437 1070 1462 1.
1134 1428 1337 1463 Publicavit
1366 1429 1415 1463 H.
1447 1429 1610 1464 Canisius
1640 1435 1724 1464 tom.

543 1494 598 1519 IV.
621 1484 812 1530 Antiquar.
831 1485 990 1519 Lection.
1042 1484 1099 1519 Sic
1126 1484 1352 1531 Hildegardis
1373 1485 1560 1532 Bingensis
1578 1491 1613 1520 et
1631 1487 1725 1520 Ban-

543 1543 688 1576 domina
715 1542 879 1576 monialis
909 1541 944 1576 S.
976 1542 1178 1585 Rupertum
1207 1546 1243 1576 et
1273 1541 1308 1576 S.
1339 1542 1550 1577 Disibodum
1578 1544 1725 1577 celebra-

545 1604 632 1634 runt
657 1600 798 1643 scriptis
824 1600 908 1633 suis.
960 1597 1136 1633 Trithem.
1159 1598 1220 1633 lib.
1240 1608 1283 1632 11.
1301 1600 1344 1632 de
1361 1599 1437 1633 Vir.
1456 1599 1619 1634 illustrib.
1639 1599 1724 1633 Ord.

544 1655 580 1689 S.
600 1655 783 1690 Benedicti
800 1666 875 1700 cap.
895 1663 1009 1690 CXIX.
1060 1654 1118 1689 Sic
1135 1654 1170 1689 S.
1189 1655 1454 1701 Radengundis,
1472 1657 1565 1700 apud
1583 1656 1727 1690 Surium

545 1718 630 1746 tom.
650 1720 703 1745 1v.
726 1713 903 1756 praeclare
920 1712 1043 1746 scribit
1059 1709 1340 1758 Hodoeporicon
1357 1710 1397 1746 S.
1414 1711 1602 1757 Bong'shcii
1616 1713 1676 1747 lib.
1700 1722 1724 1746 1.

546 1773 622 1802 erat
647 1768 741 1802 enim
764 1768 876 1812 ipsius
899 1769 1083 1812 discipula,
1111 1773 1146 1802 et
1173 1768 1218 1802 ab
1243 1780 1284 1803 eo
1314 1768 1622 1804 Heidenheimensi
1653 1781 1725 1803 coe-

544 1825 649 1858 nobio
666 1825 876 1868 praeposita.

390 1882 539 1917 ¹Floruit
556 1893 636 1915 cum
653 1881 824 1915 fratribus
842 1892 935 1915 anno
954 1890 1070 1915 DCCL.
1090 1881 1288 1916 Trithemio
1307 1886 1405 1916 teste.

769 1995 805 2029 S.
832 1994 1071 2029 VERANUS
1097 1995 1142 2029 Ε.
1196 1995 1300 2030 1161.

351 2111 384 2144 S.
407 2110 617 2150 VERANUS,
641 2109 677 2144 S.
704 2108 856 2144 Gibirini
883 2109 1003 2150 frater,
1028 2119 1072 2143 ex
1089 2109 1206 2145 Scotia
1222 2111 1322 2144 illum
1339 2111 1378 2144 in
1396 2110 1624 2155 Campaniam
1642 2110 1723 2145 Gal-

351 2169 453 2202 licam
479 2172 631 2207 secutus,
657 2167 857 2212 religiosam
883 2166 994 2200 vitam
1024 2166 1138 2201 duxit.
1194 2166 1413 2202 Flodoardus
1443 2167 1635 2213 Presbyter
1663 2168 1722 2202 lib.

351 2233 403 2258 ιν.
436 2224 572 2259 Histor.
601 2224 791 2257 Rhemens.
823 2234 898 2267 cap.
925 2231 982 2256 1x.
1012 2233 1075 2257 nec
1099 2224 1142 2257 de
1168 2235 1209 2258 eo
1234 2224 1317 2258 alibi
1347 2224 1490 2258 memini
1517 2235 1573 2258 me
1599 2226 1723 2271 legere,

351 2282 418 2316 nisi
449 2281 539 2316 forte
569 2281 616 2316 sit
643 2281 702 2315 ille
732 2280 793 2324 qui
824 2291 846 2314 a
875 2279 1059 2314 Lerinensi
1089 2281 1302 2316 monasterio
1327 2281 1371 2315 ad
1395 2280 1571 2316 Vericiam
1597 2282 1724 2326 episco-
