2060 2848
396 308 461 340 512
777 309 1010 344 HISTORIA
1033 310 1405 345 ECCLESIASTICA

397 414 479 438 rum
495 403 721 438 orientalium
742 403 839 439 fama
856 405 967 440 edidit
982 416 1073 450 quae
1090 405 1233 472 ibidem,
1251 416 1332 440 cum
1350 405 1413 440 diu
1431 404 1535 441 MSS.
1549 406 1785 446 delituissent,

396 460 575 504 publicata
590 459 760 495 fuerunt:

541 517 597 551 De
613 515 819 553 Virtutibus
838 518 1041 554 Herbarum
1304 519 1366 554 lib.
1385 528 1440 554 VI.

540 573 598 608 De
613 573 757 608 Balneis
1304 577 1365 611 lib.
1385 585 1445 611 111.
1498 575 1577 611 MS.
1599 576 1666 612 hoc
1683 587 1783 621 opus,

589 632 651 665 sed
667 631 925 676 imperfectum,
943 632 1038 677 apud
1055 643 1112 667 me
1128 639 1194 668 est.

442 687 582 722 Floruit
599 699 693 722 auno
712 697 968 723 mccccnxxn

845 801 880 835 S.
909 800 1187 836 OSUALDUS.
1237 800 1322 840 976.

390 916 424 951 S.
432 915 898 956 OsUALDUs,Carthusiani
909 915 1069 950 instituti
1080 914 1204 956 frater,
1216 920 1452 962 cognomento
1464 916 1507 950 de
1519 916 1647 958 Corda,
1656 923 1677 938 “
1686 919 1781 953 vitae

389 974 576 1008 sanctitate
598 973 781 1007 eximius.’'
832 972 963 1006 Petrus
990 971 1108 1007 Sutor.
1133 972 1194 1006 lib.
1214 982 1257 1007 11.
1281 974 1325 1007 de
1342 972 1430 1008 Vita
1447 974 1688 1009 Carthusiana
1705 987 1780 1020 cap.

388 1039 459 1064 vn.
487 1029 590 1069 Quod
616 1030 761 1064 sinceris
788 1030 946 1064 moribus
974 1034 1009 1064 et
1026 1040 1158 1076 magna
1174 1031 1307 1074 pietate
1324 1030 1538 1071 crederetur,
1556 1042 1577 1065 a
1595 1030 1729 1066 Jacobo
1747 1033 1777 1067 Ι.

386 1099 469 1134 rege
496 1098 540 1121 ex
566 1086 700 1132 Anglia
727 1098 808 1120 cum
836 1087 996 1132 ejusdem
1023 1087 1158 1121 ordinis
1189 1087 1373 1121 monachis
1408 1092 1566 1129 vocatus,
1600 1088 1781 1124 Perthano

388 1145 564 1185 coenobio,
586 1144 709 1189 quod
699 1155 737 1177 m
754 1144 849 1178 illius
868 1144 989 1188 oppidi
1010 1143 1180 1178 suburbio
1198 1132 1292 1177 idem
1311 1155 1375 1178 rex
1400 1149 1572 1185 erexerat,
1598 1147 1780 1190 praeposi

386 1207 456 1242 tus,
490 1206 531 1236 ut
560 1206 613 1235 est
640 1202 734 1246 apud
765 1200 911 1235 Hector.
944 1201 1138 1235 Boethium
1170 1200 1231 1234 lib.
1263 1209 1368 1235 xvn.
1400 1200 1539 1235 Histor.
1570 1202 1664 1237 Scot.
1695 1214 1777 1249 pag.

386 1267 534 1293 eccml.
569 1258 703 1293 Fuerat
720 1258 778 1292 hic
795 1258 976 1292 Osualdus
994 1259 1058 1292 diu
1076 1257 1114 1291 in
1128 1257 1256 1292 Galliis
1274 1263 1449 1299 versatus,
1464 1258 1613 1293 Parisiis
1627 1259 1777 1294 Gersoni

384 1316 582 1350 academiae
607 1315 815 1349 cancellario
841 1314 1105 1359 perfamiliaris.
1171 1313 1334 1359 Scripsit,
1361 1320 1402 1350 ut
1428 1326 1473 1349 ex
1500 1314 1688 1350 Theodoro
1714 1316 1778 1350 Pe·

384 1373 475 1407 treio
492 1377 641 1413 constat,

529 1429 601 1463 Pro
621 1429 833 1463 Correctura
850 1428 1043 1462 Librorum
1061 1428 1118 1463 sui
1137 1428 1286 1463 Ordinis
1471 1429 1532 1464 lib.
1552 1439 1578 1464 1.

530 1486 585 1521 De
603 1486 785 1521 Remediis
803 1486 1063 1520 Tentationum
1472 1487 1533 1521 lib.
1552 1496 1578 1521 1.

529 1543 763 1577 Portiforium
1470 1545 1530 1578 lib.
1551 1553 1576 1578 1.

529 1600 782 1634 Meditationes
799 1598 975 1634 solitarias
1469 1602 1530 1636 lib.
1550 1611 1575 1635 1.

530 1656 818 1691 Translationem
836 1656 995 1700 Operum
1014 1655 1182 1691 Gersonis
1199 1657 1237 1691 in
1256 1657 1431 1692 Latinum
1466 1659 1527 1693 lib.
1548 1668 1573 1693 1.

529 1714 713 1758 Epistolas
730 1714 775 1747 ad
792 1713 817 1747 J
819 1724 969 1747 oannem
989 1711 1183 1748 Gersonem
1467 1716 1528 1750 lib.
1549 1725 1575 1750 1.

431 1771 598 1806 Florebat
615 1771 659 1804 ad
676 1770 723 1804 D.
741 1770 766 1804 J
768 1770 892 1805 oannis
911 1769 1052 1804 Fanum
1069 1770 1107 1804 in
1125 1771 1253 1812 Scofia,
1272 1772 1348 1806 sive
1365 1772 1495 1816 oppido
1513 1772 1656 1814 Pertho,
1675 1785 1770 1809 anno

383 1838 623 1865 Mcnxxxw.
649 1829 857 1863 Fundatum
870 1828 1078 1863 coenobium
1091 1839 1186 1863 anno
1200 1837 1413 1864 MCDxxlx.
1445 1829 1695 1865 Scotichronie.
1708 1831 1770 1865 lib.

384 1897 469 1922 XVI.
488 1899 564 1932 cap.
583 1895 704 1921 XVIII.
722 1885 785 1920 ubi
803 1885 842 1919 hi
860 1895 1006 1919 versus:

680 1990 785 2018 Annus
798 1988 934 2018 millenus
948 1988 1066 2018 vicenus
1079 1989 1177 2028 sicque
1190 2000 1319 2020 novenus

680 2036 957 2074 Qundringentenus
971 2036 1063 2065 Scotis
1077 2036 1135 2065 fert
1148 2047 1267 2066 munera
1280 2038 1394 2076 plenus,

680 2083 796 2112 Semina
810 2083 921 2117 florum,
935 2083 1065 2122 germina
1078 2093 1199 2118 morum,
1213 2084 1335 2123 mystica
1348 2084 1445 2119 mella,

678 2131 753 2159 Cum
766 2130 831 2163 tibi,
846 2129 950 2164 scotia,
965 2129 1004 2159 sit
1018 2130 1171 2160 Carthusia
1184 2140 1285 2170 sponsa
1299 2131 1420 2161 novella.

429 2229 531 2263 Obiit
548 2240 641 2263 anno
661 2237 919 2263 McDxxxvn.
938 2236 1041 2262 xvn.
1059 2227 1191 2261 calend.
1205 2227 1331 2262 Octob.
1366 2227 1518 2262 Arnold.
1538 2227 1684 2263 Bestius
1702 2229 1764 2264 lib.

378 2287 422 2321 de
434 2286 512 2321 Vir.
532 2286 703 2321 Illustrib.
723 2297 799 2331 cap.
815 2295 887 2320 xx.
906 2290 928 2305 “
946 2284 1075 2320 Coram
1092 2284 1219 2329 positis
1232 2289 1268 2318 et
1281 2285 1465 2319 orantibus
1478 2284 1662 2325 fratribus,
1681 2287 1765 2320 emi-

378 2344 425 2378 sit
442 2343 640 2388 spiritum.’'
