2060 2848
358 312 440 343 452*
749 311 982 344 HISTORIA
1006 311 1379 345 ECCLESIASTICA

362 406 691 441 Malmesburiensis
703 418 782 453 pag.
796 417 914 442 XCIII.
927 407 987 442 lib.
1000 417 1038 442 V.
1056 408 1268 442 “Maternae
1279 408 1422 452 pietatis
1435 408 1606 441 aemula.”
1626 407 1757 453 Roger.

362 463 548 498 Hoveden.
568 469 660 508 part.
682 474 706 498 1.
725 476 807 511 pag.
829 474 966 499 ch1x.
1019 465 1246 499 Huntindon.
1267 466 1326 500 lib.
1346 474 1383 498 V.
1402 477 1484 511 pag.
1505 475 1595 499 ccx.
1625 471 1645 485 “
1661 466 1759 499 Mar-

362 526 485 567 gareta
498 522 568 556 fuit
582 527 695 556 mater
709 522 898 556 Mathildis
912 523 1055 569 reginae
1069 522 1305 568 Anglorum.'⁷
1342 522 1509 567 Polydor.
1523 523 1583 555 lib.
1601 531 1658 555 XI.
1675 522 1759 555 His-

363 584 430 613 tor.
460 585 481 600 ‘⁶
499 579 593 614 Erat
618 579 766 626 Edgaro
792 581 868 626 regi
895 580 1082 614 Scotorum
1110 591 1210 614 soror
1238 581 1381 614 nomine
1406 580 1634 614 Mathildis:’'
1662 586 1698 613 at
1721 580 1759 612 in

364 638 482 681 priore
500 650 619 673 errore
637 643 708 672 stat
726 638 957 684 Lusignanus
977 649 1107 672 corona
1125 646 1180 671 IV.
1201 648 1276 681 cap.
1297 646 1398 670 xxv,

787 752 823 786 S.
850 751 1194 786 MIMBORINUS.
1248 750 1331 785 846.

363 867 399 901 S.
431 868 706 902 MIMBORINUS
733 867 870 911 primus
897 867 1004 901 abbas
1032 866 1067 900 S.
1087 866 1263 907 Martini3
1289 867 1384 911 quod
1411 867 1619 901 coenobium
1646 867 1758 901 Eber-

361 937 467 972 gerus
485 926 770 969 archiepiscopus
788 925 1021 965 Coloniensis,
1034 929 1124 958 teste
1138 925 1173 958 S.
1190 925 1355 958 Mariano
1374 925 1412 958 in
1427 924 1624 965 Chronicis,
1641 925 1756 959 Scotis

361 983 559 1029 peregrinis
578 983 616 1016 in
634 987 845 1027 perpetuum
865 983 1014 1016 tradidit
1028 983 1293 1027 possidendum.
1332 982 1356 1015 J
1358 993 1489 1016 oannes
1509 981 1677 1017 Leslaeus
1695 984 1756 1017 lib.

363 1050 400 1075 v.
419 1052 501 1087 pag.
522 1050 642 1075 cxcv,
662 1041 699 1074 in
718 1040 823 1074 rebus
843 1040 969 1073 Culeni
989 1041 1095 1086 regis.
1147 1040 1298 1084 Scripsit

508 1099 563 1133 De
582 1098 808 1132 Fundatione
828 1097 1039 1131 Monasterii
1302 1097 1363 1131 lib.
1385 1107 1410 1131 Ι.

508 1156 719 1190 Tractatum
739 1157 782 1190 de
801 1155 1039 1189 Sacramentis
1299 1155 1360 1189 lib.
1383 1165 1409 1189 1.
1462 1155 1541 1189 MS.
1568 1157 1606 1190 in
1635 1157 1756 1190 eodem

509 1215 543 1228 ²*
557 1215 784 1254 monasterio,
804 1218 928 1247 auctor
946 1213 1116 1248 Irenicus.

410 1272 511 1306 Obiit
525 1283 618 1305 anno
633 1280 827 1305 cnumxv.
865 1262 1011 1304 Sederat
1026 1272 1129 1305 annis
1145 1280 1220 1304 ΧΠ.
1235 1271 1332 1311 totis,
1346 1272 1535 1305 sanctitate
1550 1273 1686 1316 plenus,
1706 1274 1756 1307 ait

360 1329 511 1364 Arnold.
531 1329 652 1363 Uvion
670 1329 729 1362 lib.
750 1338 853 1362 XXX.
873 1340 954 1374 pag.
976 1338 1121 1363 CDXXI.
1174 1329 1261 1363 Dies
1279 1329 1356 1374 ejus
1374 1329 1504 1363 natalis
1523 1329 1722 1375 ignoratur.

809 1444 844 1478 S.
873 1443 1168 1478 MALACHUS.
1223 1446 1308 1481 847.

362 1561 397 1594 S.
418 1560 654 1595 MALACHUS
672 1561 910 1595 Lismorensis
928 1561 1003 1594 sive
1021 1560 1202 1606 Argadiae
1220 1560 1258 1594 in
1277 1559 1396 1595 Scotia
1418 1561 1602 1605 episcopus
1626 1572 1756 1595 memo-

361 1623 464 1652 ratur
484 1630 505 1652 a
522 1619 567 1652 D.
588 1619 774 1653 Bernardo
791 1619 829 1651 in
847 1618 934 1652 Vita
960 1618 996 1652 S.
1025 1618 1235 1652 Malachiae.
1288 1618 1429 1651 Colitur
1455 1618 1511 1652 die
1538 1627 1577 1652 X.
1605 1618 1753 1663 Aprilis.

362 1676 498 1710 Molan.
518 1676 774 1711 Additionibus
794 1676 963 1710 Usuardi.
1018 1675 1167 1720 Scripsit

510 1733 691 1778 Epistolas
710 1734 753 1767 ad
774 1733 999 1768 Bernardum
1297 1733 1357 1767 lib.
1379 1742 1404 1767 1.

508 1791 552 1825 In
570 1791 820 1825 Ecclesiastem
1299 1792 1359 1825 lib.
1380 1801 1405 1826 1.

411 1851 552 1885 Floruit
571 1861 663 1884 anno
683 1858 828 1883 MCLXI.

759 1965 794 1999 S.
823 1964 1226 2001 MAKUVOLOKUS.
1280 1968 1363 2001 848.

362 2082 398 2115 S.
422 2081 754 2121 MAKUVOLOKUS,
772 2082 956 2125 episcopus
975 2081 1194 2123 Sodorensis,
1214 2081 1328 2116 Scotis
1347 2083 1417 2117 illis
1444 2083 1665 2119 silvestribus
1691 2086 1753 2129 qui

364 2139 618 2173 Hibernienses
636 2139 813 2179 dicuntur,
833 2139 928 2173 vitae
946 2140 1101 2173 melioris
1119 2145 1307 2184 praecepta
1325 2141 1485 2175 tradidit.
1538 2141 1688 2187 Scripsit

512 2196 582 2230 Pro
600 2196 761 2230 Aedibus
779 2197 887 2230 sacris
906 2197 949 2230 ad
971 2196 1180 2231 Mordacum
1198 2198 1335 2244 Regem
1447 2199 1508 2233 lib.
1529 2208 1553 2233 1.

412 2254 554 2288 Floruit
572 2266 664 2288 anno
684 2264 831 2288 cccxx.
880 2255 1020 2289 Colitur
1046 2256 1140 2299 apud
1167 2261 1344 2290 nostrates
1371 2257 1428 2290 die
1454 2265 1575 2291 XXIX.
1602 2256 1749 2291 Januar.

365 2311 552 2347 Breviaria
570 2312 717 2353 Scotica,
736 2318 771 2347 et
789 2314 952 2347 ecclesiae
970 2324 1172 2347 consensus.
