2060 2848
370 286 434 318 688
754 285 989 320 HISTORIA
1012 286 1389 321 ECCLESIASTICA

372 381 463 415 simo
500 384 781 426 purpuratorum
823 382 1026 427 principum
1069 383 1217 429 collegio
1247 386 1461 428 conquestus
1495 382 1643 430 indigne
1678 395 1715 419 se
1748 398 1770 420 a

371 438 590 473 retrimentis
624 438 695 472 illis
729 443 765 473 et
799 439 1004 484 quisquiliis
1038 440 1109 474 illis
1143 440 1329 475 hominum
1360 440 1495 482 haberi,
1534 445 1570 475 et
1604 441 1690 476 fides
1724 443 1771 477 iis

372 501 542 541 tanquam
569 496 711 541 perfidis
739 502 775 532 et
803 498 988 532 venalibus
1018 498 1223 532 hominibus
1251 498 1433 544 abrogata.
1487 498 1583 534 Tum
1610 498 1769 534 Thomas

370 554 491 588 literas
521 554 566 588 ad
595 553 758 600 Anglum
788 555 897 595 dedit,
929 555 1072 590 acerbas
1101 555 1246 600 quidem
1280 556 1371 596 illas,
1409 561 1445 590 et
1479 556 1611 591 doloris
1641 557 1769 603 justis-

370 611 452 645 simi
478 613 612 656 plenas,
641 623 730 656 quas
757 612 817 646 ille
845 613 1041 646 aulicorum
1067 623 1175 656 opera
1200 613 1345 657 adjutus
1372 612 1527 647 Romam
1555 614 1666 654 misit,
1696 614 1767 649 Ita-

370 669 437 703 lico
462 680 623 703 sermone
649 670 821 710 donatas;
852 674 934 713 post
959 673 1126 703 octavum
1153 669 1279 702 deinde
1309 680 1479 710 mensem,
1506 681 1587 704 cum
1622 672 1767 715 quidam

368 727 559 771 purpurati
592 726 770 770 principes
806 737 864 759 eas
895 726 1135 766 damnassent,
1164 725 1323 760 Thomas
1354 726 1468 760 literis
1499 726 1545 760 ab
1573 727 1645 761 illis
1674 728 1768 763 datis

369 783 436 817 sibi
460 784 602 829 egregie
622 783 866 827 patrocinatus
890 787 954 823 est,
979 788 1024 824 et,
1052 782 1206 817 Romam
1233 783 1392 824 tendens,
1419 784 1537 828 ipsum
1562 784 1766 829 pontificem

368 840 568 874 subiratum
599 840 774 884 colloquio
804 841 955 885 repetito
980 841 1032 875 ita
1057 840 1222 884 placavit,
1255 844 1298 874 ut
1328 840 1388 874 ille
1418 852 1562 875 causam
1596 852 1674 875 eam
1705 841 1767 876 Jo-

368 898 452 931 anni
478 897 626 931 Garsiae
652 897 802 932 Mellino
830 898 1012 938 cardinali,
1038 903 1073 932 et
1101 897 1137 931 S.
1162 896 1209 931 R.
1237 896 1283 931 E.
1315 899 1472 943 generali
1500 899 1645 939 vicario,
1673 911 1766 933 com-

367 955 537 989 mitteret.
601 954 663 993 Et>
682 966 738 989 res
777 956 922 1000 quidem
962 966 1004 989 ea
1042 955 1179 989 Romae
1217 959 1367 995 tentata,
1402 955 1587 991 Bononiae
1622 957 1765 991 tandem

367 1012 539 1053 absoluta,
573 1013 860 1057 reconciliatique
895 1012 1100 1058 approbatis
1134 1012 1305 1057 utrinque
1335 1012 1499 1047 formulis
1537 1013 1695 1048 Thomas
1730 1020 1765 1048 et

366 1070 532 1116 Anglus;
560 1071 619 1104 sed
638 1070 682 1104 de
700 1075 775 1104 toto
793 1071 859 1104 hoc
876 1070 1023 1104 dissidio
1040 1071 1251 1115 opusculum
1271 1075 1381 1111 extat,
1405 1071 1497 1115 quod
1526 1076 1645 1105 tamen
1669 1083 1765 1105 nunc

365 1128 578 1162 abolendum
613 1128 643 1161 si
674 1126 818 1173 Anglus
845 1128 1014 1172 quiescat,
1041 1128 1097 1161 sin
1121 1132 1254 1173 pergat·
1278 1128 1509 1162 clandestinis
1536 1129 1676 1163 insidiis
1702 1140 1764 1163 no-

365 1196 453 1225 cere,
492 1185 678 1225 edendum,
718 1190 759 1219 ut
796 1185 986 1229 posteritas
1021 1190 1220 1231 cognoscat,
1259 1185 1346 1230 quid
1383 1185 1479 1219 inter
1515 1186 1645 1219 bonam
1681 1198 1764 1220 con-

364 1243 547 1277 scientiam
579 1247 615 1277 et
646 1243 936 1276 contumeliosam
968 1242 1183 1276 calumniam
1213 1242 1367 1282 intersit,
1396 1243 1645 1288 discernatque
1683 1249 1764 1278 uter

364 1301 465 1334 alteri
485 1300 680 1335 convitium
704 1299 837 1340 fecerit,
864 1304 927 1334 aut
948 1299 1231 1334 aestimationem
1257 1299 1379 1344 inique
1403 1300 1603 1335 violaverit.
1657 1301 1763 1336 Nunc

364 1369 449 1404 ergo
466 1358 645 1392 auditorio
669 1357 800 1392 eximio
823 1368 864 1391 ac
887 1346 1245 1391 honorificentissima
1267 1357 1496 1402 professione,
1523 1358 1605 1392 licet
1630 1359 1763 1393 morbis

362 1415 532 1461 gravibus
557 1416 662 1449 domo
686 1426 751 1449 sua
778 1415 942 1461 fatigata,
972 1414 1031 1448 hic
1054 1413 1238 1447 Bononiae
1262 1413 1451 1458 profitetur
1476 1419 1641 1449 currente
1667 1426 1760 1449 anno

364 1481 544 1507 MDCXXI.
563 1484 683 1507 mense
702 1472 849 1507 Martio.

413 1530 513 1564 Haec
530 1531 573 1564 de
591 1542 628 1564 se
645 1530 892 1575 Dempsterus.
945 1528 1174 1574 Surpervixit
1191 1533 1310 1564 autem
1328 1535 1452 1574 postea
1469 1542 1582 1575 usque
1604 1531 1648 1565 ad
1667 1531 1761 1565 diem

361 1590 523 1633 proxime
553 1596 760 1633 sequentem
783 1599 895 1622 nonas
922 1587 1141 1632 Septembris
1165 1587 1250 1620 anni
1275 1595 1469 1622 MDcxxv.
1522 1588 1665 1622 Interea
1689 1588 1760 1622 Bo-

360 1646 489 1680 noniae
505 1646 644 1685 Museo,
670 1646 733 1679 ubi
758 1645 967 1689 primariam
989 1644 1167 1689 politioris
1193 1644 1405 1678 eruditionis
1430 1645 1635 1679 cathedram
1662 1651 1759 1680 tene-

360 1703 432 1743 bat,
453 1714 593 1737 summa
610 1713 690 1736 cum
714 1702 817 1736 laude
836 1702 988 1742 vacavit,
1007 1705 1111 1735 aucta
1128 1701 1160 1734 ei
1178 1701 1224 1735 ad
1249 1712 1375 1735 aureos
1398 1702 1620 1748 octingentos
1639 1714 1758 1737 annua

358 1760 538 1805 pensione.
602 1759 794 1794 Patavium
820 1760 864 1793 ad
888 1759 1101 1792 eminentem
1120 1758 1215 1803 juris
1242 1759 1357 1792 civilis
1388 1759 1577 1793 lectionem
1607 1761 1757 1794 sollicite

359 1818 502 1857 accitus,
522 1818 658 1852 oblatos
676 1828 742 1861 pro
768 1828 888 1851 annuo
911 1817 1072 1850 didactro
1095 1827 1221 1850 aureos
1246 1816 1345 1850 mille
1368 1817 1558 1851 recusavit.
1609 1817 1646 1851 A
1665 1817 1759 1852 Pon-

359 1874 451 1909 tifice
475 1875 625 1909 Urbano
646 1874 752 1909 VIII.
778 1875 839 1918 qui
864 1873 1068 1918 Dempsteri
1092 1874 1265 1908 virtutem
1289 1885 1513 1918 summopere
1539 1886 1678 1920 semper
1699 1876 1757 1909 ad-

358 1933 509 1967 miratus
547 1936 611 1972 est,
642 1932 822 1976 praeclara
855 1931 986 1976 equitis
1023 1931 1141 1965 aurati
1178 1931 1367 1976 dignitate,
1412 1932 1564 1976 acceptis
1598 1933 1755 1977 primum

357 1990 528 2035 proxenio
546 1990 702 2023 nummis
720 1993 874 2029 centum,
892 1999 965 2023 non
983 1989 1058 2022 sine
1076 1989 1198 2023 eodem
1221 2000 1340 2023 annuo
1366 2000 1485 2030 censu,
1510 1990 1675 2031 donatur,
1700 1991 1754 2024 in-

357 2048 524 2094 signitur.
577 2047 621 2081 In
638 2046 935 2081 Academicorum
954 2054 1103 2080 NOCTIS
1121 2046 1241 2080 album
1259 2047 1468 2091 descriptus,
1487 2047 1661 2092 inculpati
1677 2049 1753 2082 ani-

357 2106 418 2145 mi,
446 2105 688 2149 uberrimique
723 2104 857 2150 ingenii
889 2104 1071 2148 exemplis,
1102 2114 1328 2150 congressum
1362 2105 1464 2138 illum
1490 2105 1751 2139 nobilissimum

357 2173 469 2206 usque
487 2162 532 2196 ad
549 2162 761 2196 miraculum
779 2162 900 2202 coluit,
925 2161 1177 2205 frequentavit.
1231 2161 1363 2196 Variae
1386 2161 1551 2196 fortunae
1575 2162 1640 2196 hoc
1665 2168 1752 2197 tem-

358 2231 442 2264 pore
476 2220 696 2259 colluctatus,
731 2220 901 2263 sapientis
931 2218 1040 2253 Stoici
1072 2219 1306 2254 constantiam
1338 2219 1441 2253 enixe
1470 2220 1595 2254 retulit
1629 2225 1664 2254 et
1694 2232 1754 2254 ex-

357 2277 485 2323 pressit
500 2287 510 2317 ;
537 2277 681 2311 interim
699 2282 818 2311 tamen
836 2278 970 2311 calamo
988 2287 1060 2311 non
1078 2277 1246 2321 pepercit,
1266 2277 1408 2322 scripsit
1426 2277 1522 2311 enim
