2118 2854
286 334 349 363 340
666 330 901 364 HISTORIA
924 329 1301 364 ECCLESIASTICA

290 427 386 461 Scoti
417 426 542 465 sancti,
573 430 636 460 aut
662 426 788 460 limina
811 425 1066 470 apostolorum,
1089 426 1211 459 locave
1233 432 1357 459 sancta
1382 425 1580 460 dominicae
1608 437 1687 471 pas-

292 484 401 518 sionis
420 483 613 523 visitaturi,
640 483 831 527 discipulos
857 493 976 516 secum
1000 482 1182 522 ducerent,
1198 487 1244 516 ‘et
1270 483 1366 516 vitae
1393 494 1478 517 suae
1504 488 1624 525 testes,
1653 489 1689 518 et

292 542 426 588 gloriae
443 541 656 585 participes3
684 551 798 585 usque
817 541 904 574 adeo
929 550 1056 574 verum
1082 544 1148 580 est,
1176 541 1272 585 quod
1297 540 1335 573 in
1354 539 1515 575 Theatro
1533 541 1691 575 Conver-

293 599 403 633 sionis
422 598 592 632 Gentium
611 598 735 632 scribit
752 597 936 631 Arnoldus
959 597 1210 632 Mirmannus:
1239 602 1260 617 “
1278 597 1374 632 Scoti
1401 602 1437 631 et
1462 597 1588 645 Angli,
1615 599 1691 633 sive

294 656 473 693 Britanni,
491 655 613 689 crebro
631 656 730 695 olim,
757 655 844 688 dum
868 659 931 688 aut
949 653 1101 689 Terram
1119 654 1298 695 Sanctam,
1317 667 1425 699 quam
1445 656 1608 697 dicimus,
1629 662 1692 691 aut

294 715 536 758 apostolorum
562 713 688 747 limina
714 713 914 751 visitarent,
941 712 1074 756 passim
1101 713 1329 758 evangelium
1355 713 1593 757 praedicando
1620 725 1692 748 ser-

292 759 469 805 viebant.’³
504 769 565 804 Ex
582 770 710 804 horum
729 781 880 804 numero
900 769 1070 803 Hadrous
1084 774 1228 810 noster;
1247 770 1308 803 sed
1321 770 1384 804 ubi
1400 770 1614 812 substiterit,
1630 779 1693 806 aut

293 829 353 863 ubi
372 828 554 872 depositus
573 828 632 867 sit,
652 832 714 861 aut
732 827 884 870 denique
902 826 990 870 quid
1008 827 1202 870 scripserit,
1221 827 1498 870 inexploratum.

341 885 481 920 Claruit
498 884 592 920 anno
610 892 849 920 DCCCXXCII.
903 882 1083 923 Molanus,
1104 882 1271 923 Ghinius,
1290 883 1364 917 alii.
1416 884 1503 919 Dies
1522 887 1690 921 incertus.

764 998 801 1032 S.
830 997 1088 1032 HELANUS.
1143 996 1227 1036 639.

292 1117 327 1150 S.
349 1116 554 1150 HELANUS
572 1115 710 1155 ScotuS,
729 1126 823 1149 unus
842 1125 964 1149 eorum
992 1113 1054 1159 qui
1081 1125 1161 1147 cum
1189 1113 1224 1147 S.
1244 1113 1402 1159 Eloquio
1420 1114 1540 1150 Scotia
1558 1118 1692 1163 egressi

295 1179 315 1193 “
333 1185 396 1218 per
414 1173 606 1208 Saxoniam
631 1178 666 1207 et
690 1172 844 1207 Galliam
863 1173 1017 1206 multum
1036 1174 1210 1217 populum
1228 1172 1387 1207 Domino
1403 1174 1532 1209 lucrati
1546 1175 1577 1215 ;’'
1603 1177 1694 1210 alius

294 1232 338 1265 ab
356 1243 397 1265 eo
421 1231 483 1276 qui
502 1231 539 1265 S.
559 1230 715 1265 Gibirini
733 1230 846 1264 frater
863 1241 884 1263 a
902 1229 1103 1272 Flodoardo
1123 1231 1318 1265 Rhemensi
1337 1237 1561 1267 numeratur.
1602 1233 1694 1268 Cum

295 1290 417 1323 eodem
437 1288 473 1322 S.
491 1288 661 1333 Eloquio,
680 1288 943 1332 praedicatione
963 1286 1075 1328 finita,
1103 1288 1206 1322 beato
1233 1289 1302 1322 fine
1326 1289 1465 1334 quievit
1483 1290 1521 1323 in
1539 1290 1695 1325 lValeio-

293 1347 434 1381 ‹lorensi
449 1346 628 1380 coenobio.
665 1346 687 1379 J
691 1357 822 1380 oannes
841 1345 1012 1379 Molanus
1031 1345 1118 1380 Nat.
1138 1345 1200 1380 SS.
1221 1346 1351 1393 Belgii,
1370 1351 1406 1382 et
1424 1358 1469 1382 ex
1483 1359 1524 1382 eo
1538 1347 1693 1383 Ghinius

295 1417 374 1451 pag.
395 1414 510 1439 XCIX.
563 1405 703 1449 Scripta
721 1405 915 1449 perierunt.

343 1464 482 1498 Claruit
500 1474 593 1497 anno
613 1471 723 1496 DeLl.
776 1461 863 1495 Dies
882 1462 1000 1496 cultus
1018 1462 1176 1508 ignotus.

795 1576 830 1611 S.
860 1577 1051 1611 ΗΕΤΤΟ.
1105 1576 1189 1612 640.

297 1696 331 1729 S.
353 1694 513 1734 HETTO,
532 1705 595 1728 seu
613 1693 714 1733 Otto,
733 1692 872 1732 ScotuS,
891 1692 927 1727 S.
947 1692 1079 1727 Helani
1105 1694 1222 1728 socius
1248 1698 1284 1729 et
1310 1696 1454 1741 collega,
1481 1695 1517 1730 S.
1545 1695 1692 1741 Eloquii

296 1753 502 1797 discipulus,
521 1751 714 1800 apostolico
732 1751 862 1795 spiritu
881 1750 1032 1791 afflatus,
1052 1751 1089 1784 in
1108 1750 1302 1786 Germania
1318 1752 1487 1787 inferiore
1513 1759 1549 1788 et
1575 1752 1692 1788 Gallia

295 1811 519 1857 evangelium
551 1808 862 1843 concionabundus
894 1809 1137 1843 annunciavit.
1203 1809 1384 1851 Molanus,
1412 1809 1580 1852 Ghinius,
1607 1812 1693 1846 locis

296 1868 461 1907 laudatis,
481 1872 516 1902 et
533 1867 621 1902 Vita
638 1866 674 1900 S.
694 1865 853 1910 Eloquii.

344 1926 483 1960 Claruit
502 1937 594 1959 anno
615 1933 724 1958 DCLI.
777 1923 918 1958 Colitur
936 1933 1030 1958 xlu.
1050 1925 1222 1959 Februar.
1274 1925 1362 1960 Vita
1381 1925 1426 1960 B.
1442 1927 1592 1961 Osualdi
1608 1927 1693 1961 Car-

298 1984 468 2018 thusiani.
510 1983 574 2017 Ille
593 1982 651 2016 vir
669 1986 812 2016 sanctus
831 1993 849 2015 e
865 1981 992 2028 Belgio
1009 1982 1118 2029 hujus
1136 1984 1305 2028 reliquias
1324 1984 1362 2018 in
1380 1984 1535 2019 Scotiam
1554 1985 1690 2020 intulit.

720 2097 755 2132 S.
785 2096 1127 2133 HERMANNUS.
1180 2097 1263 2133 641.

298 2214 333 2248 S.
361 2214 633 2248 HERMANNUS
660 2213 797 2254 Scotus,
823 2219 865 2249 ut
891 2214 1067 2253 existimo,
1095 2214 1289 2249 monachus
1316 2214 1596 2257 Benedictinus;
1625 2218 1693 2251 sal—

300 2278 383 2312 tem,
411 2273 506 2316 quod
532 2272 654 2317 negari
680 2283 753 2306 non
782 2277 910 2316 potest,
941 2272 1122 2315 professus
1149 2272 1317 2307 Coloniae
1342 2273 1381 2307 in
1411 2275 1628 2308 monasterio
1655 2274 1691 2308 S.

300 2329 538 2368 pantaleonis,
553 2329 648 2373 quod
660 2328 846 2363 Scotorum
861 2341 901 2363 ea
914 2334 1029 2363 aetate
1047 2335 1082 2364 et
1096 2331 1158 2364 diu
1173 2335 1277 2364 antea
1292 2330 1421 2370 fuerat,
1434 2331 1503 2365 nisi
1518 2330 1611 2366 fallit
1625 2333 1691 2366 loci

299 2387 569 2426 chartularium,
588 2391 623 2419 et
642 2391 730 2426 acta,
749 2398 793 2420 ex
811 2386 940 2431 quibus
959 2386 1145 2421 conradus
1164 2388 1358 2422 monachus
1377 2388 1414 2421 in
1434 2387 1519 2422 Vita
1537 2389 1573 2423 S.
1594 2389 1694 2424 Wol-

300 2444 432 2488 phelmi
452 2444 546 2488 apud
565 2443 710 2477 Surium
729 2449 814 2478 tom.
836 2453 878 2477 11.
928 2443 1048 2479 Uvion
1067 2450 1102 2479 et
1120 2445 1192 2480 alii.
