2060 2848
437 324 502 356 572
817 322 1051 357 HISTORIA
1074 323 1448 358 ECCLESIASTICA

871 474 1179 511 RAIMUNDUS
1202 476 1248 512 E.
1303 478 1395 511 1081
1403 501 1412 511 .

440 590 711 631 RAIMUNDUS,
737 594 811 631 aut,
833 595 877 626 ut
899 590 961 626 alii
979 591 1116 630 volunt,
1142 590 1392 632 Weimundus,
1411 601 1455 625 ex
1473 590 1646 626 monacho
1664 591 1834 627 Benedic-

440 648 517 682 tino
534 648 695 682 coenobii
706 647 939 688 Saviniensis,
958 652 980 669 “
997 647 1043 682 ob
1059 647 1277 694 singularem
1294 648 1531 683 eruditionem
1554 652 1590 682 et
1606 649 1835 693 prudentiam

435 705 575 750 primus
601 705 785 750 episcopus
807 704 1027 744 Sodorensis,
1054 715 1117 739 seu
1146 704 1276 739 Monae
1304 704 1452 745 insulae,
1478 709 1629 745 creatus,
1654 706 1765 740 vitam
1798 707 1835 740 in

436 773 521 807 pace
538 762 689 797 finivit.”
740 761 930 806 Scripsisse
947 761 1064 796 fertur

584 819 771 854 Sermones
789 819 833 853 ad
852 817 1048 852 Monachos
1382 819 1444 854 lib.
1463 828 1489 854 1.

484 878 636 912 Creatus
653 880 707 910 est
724 875 910 921 episcopus
927 886 1022 910 anno
1040 883 1156 909 McLI.
1175 875 1318 920 quando
1335 875 1474 916 obierit,
1499 876 1687 911 incertum.
1740 877 1835 912 Mat-

435 935 562 969 thaeus
579 933 838 970 Westmonast.
865 933 910 968 ad
936 943 1071 968 annum
1096 933 1243 967 dictum.
1295 932 1447 967 Arnold.
1466 931 1588 967 Uvion
1606 933 1667 968 lib.
1688 942 1736 968 11.
1758 945 1834 979 cap.

436 1001 523 1026 L111.

855 1105 1166 1141 RUDOLPHUS
1191 1104 1237 1139 E.
1292 1107 1399 1141 1082.

435 1226 457 1242 “
483 1222 749 1263 RUDOLPHUS,
780 1220 976 1256 monachus
1012 1225 1048 1256 et
1079 1220 1187 1255 abbas
1226 1220 1434 1255 monasterii
1468 1219 1741 1263 Aberbrothaei,
1776 1223 1834 1257 vir

434 1279 624 1325 prudentia
641 1277 804 1326 insignis,
828 1282 864 1313 et
881 1278 1071 1312 sanctitate
1088 1277 1319 1318 admirabilis,
1336 1277 1400 1322 qui
1418 1277 1471 1312 ita
1487 1283 1681 1323 utrumque
1699 1283 1734 1314 et
1751 1280 1832 1313 reli·

433 1337 525 1384 giosi
556 1341 592 1372 et
622 1336 776 1382 episcopi
805 1336 916 1371 vitam
947 1335 986 1369 in
1016 1335 1114 1369 omni
1144 1339 1268 1379 postea
1297 1338 1379 1369 actu
1409 1334 1588 1375 tuebatur,
1619 1340 1661 1369 ut
1690 1336 1830 1371 dubites

432 1396 536 1440 plane
565 1393 721 1429 fueritne
751 1393 957 1440 diligentior
985 1393 1181 1438 episcopus,
1208 1403 1254 1426 an
1280 1392 1411 1426 arctior
1436 1392 1647 1438 religiosus3
1674 1393 1828 1428 tenuiori

432 1452 527 1486 enim
557 1456 656 1486 veste
685 1451 870 1497 episcopus
901 1461 1009 1495 quam
1039 1449 1159 1491 abbas,
1189 1450 1326 1484 duriori
1352 1449 1570 1494 parsimonia
1596 1450 1695 1485 dives
1720 1461 1828 1496 quam

431 1521 578 1555 pauper,
609 1509 752 1544 arctiori
782 1509 908 1555 regula
941 1508 1174 1554 magistratus
1209 1518 1317 1552 quam
1348 1507 1523 1551 privatus,
1554 1518 1694 1553 semper
1724 1508 1827 1543 vixit.

431 1567 537 1602 Unde
567 1568 654 1612 ipsis
684 1566 828 1613 regibus
854 1577 957 1600 carus
980 1566 1161 1599 ecclesiam
1188 1576 1290 1599 suam
1315 1564 1450 1604 multis,
1477 1575 1599 1599 eorum
1625 1565 1829 1600 munificen-

431 1624 493 1665 tia,
512 1624 690 1659 beneficiis
707 1628 744 1658 et
760 1623 898 1658 divitiis
916 1623 1134 1667 ampliavit.’'
1184 1622 1245 1656 Ex
1262 1621 1401 1656 Joanne
1424 1620 1571 1656 Leslaeo
1598 1622 1658 1656 lib.
1678 1631 1732 1656 vx.
1759 1622 1827 1657 Ar-

430 1681 524 1717 nold.
544 1681 665 1715 Uvion
682 1680 743 1715 lib.
763 1689 806 1715 11.
825 1691 901 1725 cap.
920 1688 1087 1714 XXXVII.
1138 1679 1288 1724 Scripsit

580 1738 723 1773 Monita
740 1738 911 1772 salutaria
928 1737 974 1772 ad
990 1736 1238 1772 Alexandrum
1256 1735 1393 1783 Regem
1443 1736 1505 1771 lib.
1525 1745 1550 1770 1.

480 1795 583 1830 Vixit
600 1806 694 1830 anno
714 1804 869 1830 MCCXV.
932 1833 934 1835 .

728 1909 1008 1945 EDUARDUS
1034 1909 1294 1945 ROBINSON
1321 1910 1373 1945 Μ.
1428 1912 1536 1945 1083.

431 2029 660 2063 EDUARDUS
679 2026 875 2067 Robinson,
894 2026 1087 2061 monachus
1114 2026 1150 2060 S.
1179 2025 1370 2061 Trinitatis
1396 2026 1439 2060 de
1458 2025 1716 2071 Redemptione
1733 2027 1825 2073 Cap-

429 2087 598 2126 tivorum,
626 2084 879 2119 Aberdonense
909 2084 1166 2119 monasterium
1196 2088 1315 2119 sancte
1348 2084 1453 2125 rexit,
1483 2095 1564 2118 cum
1595 2084 1705 2119 bonas
1731 2090 1824 2120 artes

428 2143 594 2178 Lutetiae
623 2142 723 2187 prius
753 2146 788 2176 et
817 2141 999 2176 didicisset
1028 2140 1189 2179 feliciter.
1220 2146 1256 2175 et
1285 2141 1463 2176 docuisset
1493 2141 1677 2176 laboriose.
1728 2141 1822 2187 Ejus

429 2206 513 2234 sunt

573 2256 811 2302 Exceptiones
829 2256 956 2291 Sacrae
974 2255 1178 2302 scripturae
1197 2256 1301 2292 MSS.
1328 2257 1367 2292 in
1384 2257 1506 2292 eodem
1525 2256 1693 2291 coenobio
1712 2256 1771 2290 lib.
1795 2266 1819 2290 1.

623 2314 808 2361 Lugduni.

476 2371 617 2407 Floruit
635 2383 728 2406 anno
747 2380 989 2407 Mcccexvn.
