2060 2848
402 319 465 348 440
786 318 1017 351 HISTORIA
1041 317 1352 351 ECCLESIASTI
1359 318 1419 350 CA

554 413 717 447 Examen
750 413 788 446 in
822 413 949 448 Artem
981 414 1124 447 brevem
1160 412 1355 447 Raimundi
1387 412 1498 447 Lullii
1532 412 1593 447 lib.
1625 421 1649 446 1.
1685 413 1729 446 ad
1763 413 1800 446 id

601 476 726 505 senatu
745 470 940 505 Parisiensi
959 470 994 505 S.
1014 471 1055 505 C.
1074 472 1215 505 electus.
1268 470 1409 505 Prodiit
1426 471 1522 516 typis
1541 470 1712 515 Stephani
1731 469 1800 503 Ba-

578 562 580 564 ,
601 529 696 567 land,
715 527 899 574 Lugduni.

554 585 726 619 Lecturas
745 585 1016 630 Philosophicas
1067 586 1127 620 lib.
1148 595 1171 619 1.
1226 586 1363 620 Ibidem
1381 586 1601 630 prodierunt.

454 643 594 677 Claruit
612 654 704 677 anno
724 652 908 677 Mcccvn.

763 757 996 791 JOANNES
1023 756 1296 791 LESLAEUS.
1350 759 1438 790 815.

406 873 427 905 J
433 881 598 906 OANNES
617 873 785 906 Leslaeus
805 871 981 917 Crychius
999 871 1275 911 Aberdonensis,
1295 877 1467 918 cognatus
1479 883 1590 912 meus,
1605 883 1648 906 ex
1660 873 1804 907 nobilis-

407 931 496 964 sima
514 930 740 976 Balguhama
757 930 904 970 familia,
923 930 1016 963 unde
1034 929 1123 963 mihi
1141 935 1344 963 maternum
1363 941 1486 974 genuS,
1509 935 1623 969 ortus,
1641 936 1804 974 suscepta

405 988 558 1022 Romam
577 988 873 1033 peregrinatione,
893 988 1030 1021 meliori
1057 986 1225 1030 Europae
1252 992 1352 1030 parte
1379 988 1542 1027 lustrata,
1570 987 1803 1027 Nemausum,

404 1046 465 1079 ubi
505 1057 570 1091 ego
609 1046 742 1091 regiam
783 1045 1004 1089 eloquentiae
1046 1045 1250 1079 cathedram
1294 1045 1468 1084 tenebam,
1509 1046 1608 1079 venit
1642 1045 1802 1079 Uticensi

405 1104 543 1137 scholae
561 1104 806 1148 praepositus;
838 1103 875 1136 in
897 1102 1093 1146 Hispanias
1111 1101 1291 1146 profectus
1310 1103 1547 1136 clarissimum
1566 1102 1633 1136 sibi
1652 1109 1687 1136 et
1704 1104 1802 1148 genti

405 1172 534 1195 nomen
552 1161 699 1205 peperit,
718 1160 863 1206 ingenio
884 1160 1074 1206 cujuslibet
1091 1160 1142 1193 rei
1162 1170 1311 1205 magnae
1329 1160 1459 1204 capaci.
1515 1159 1665 1205 Scripsit
1678 1162 1801 1200 multa,

405 1219 465 1252 sed
484 1230 548 1264 ego
566 1220 717 1262 paucula
738 1219 835 1251 vidi:
862 1218 900 1251 in
918 1218 974 1251 his
1006 1261 1008 1263 Ι

553 1277 608 1310 De
627 1276 802 1310 Memoria
820 1275 999 1309 artificiali
1018 1276 1308 1310 Commentarius
1327 1276 1420 1308 lectu
1441 1275 1673 1321 dignissimus
1697 1277 1756 1310 lib.
1778 1286 1801 1309 1.

553 1335 741 1367 Orationes
1548 1333 1608 1366 lib.
1630 1343 1653 1367 1.

553 1391 732 1424 Carmina.
1751 1400 1757 1417 ι

554 1449 597 1482 In
618 1449 737 1482 omnia
754 1448 964 1483 Aristotelis
983 1448 1102 1493 Opera
1121 1448 1397 1482 Observationes
1546 1449 1606 1482 lib.
1628 1458 1652 1482 Ι.

454 1507 487 1541 V
490 1507 556 1541 ivit
579 1507 773 1545 Beriaraci‚
791 1511 832 1539 ut
852 1507 969 1547 audio,
987 1517 1059 1550 quo
1077 1517 1113 1540 se
1133 1505 1324 1550 Hispanici
1341 1506 1427 1540 coeli
1446 1506 1562 1540 taedio
1580 1507 1741 1546 contulit,
1768 1513 1802 1541 et

408 1566 499 1599 bona
518 1564 585 1598 fide
603 1565 723 1598 literas
743 1564 911 1597 illustrat.

752 1677 960 1712 ALANUS
988 1678 1313 1713 LUMSDANUS.
1367 1678 1450 1713 816.

407 1795 580 1828 ALANUS
600 1794 828 1828 Lumsdanus
849 1793 1023 1828 Tholosas
1042 1792 1170 1828 studiis
1188 1792 1262 1826 suis
1280 1792 1486 1827 illustravit.
1538 1792 1687 1838 Scripsit

555 1851 803 1896 Antiquitates
823 1851 999 1885 Tholosae
1592 1851 1654 1885 lib.
1677 1861 1702 1885 1.

555 1909 610 1942 De
623 1910 846 1943 Tholosanae
864 1908 1077 1943 Academiae
1090 1908 1113 1942 J
1116 1920 1179 1942 ure
1192 1914 1298 1952 atque
1313 1908 1578 1954 Praerogativis
1595 1909 1656 1943 lib.
1677 1919 1701 1942 1.

458 1968 595 2001 Claruit
616 1967 708 2000 circa
726 1977 859 2000 annum
878 1975 1085 2000 mccexcv.

934 2082 1186 2117 LIBERIUS.
1241 2084 1323 2120 817.

411 2197 620 2237 annms,
648 2204 752 2242 poeta
778 2198 1006 2232 Christianus
1034 2199 1304 2243 antiquissimus
1332 2200 1369 2232 in
1398 2199 1620 2233 Bibliotheca
1646 2199 1706 2233 SS.
1736 2200 1802 2233 Pa-

410 2261 516 2293 trum‚
535 2255 675 2298 scripsit

556 2311 807 2345 Acrostichum
827 2313 865 2346 in
885 2312 1070 2347 Sedulium
1090 2313 1234 2348 Scotum
1265 2303 1268 2306 Δ
1395 2314 1456 2347 lib.
1479 2322 1502 2347 1.

460 2368 600 2403 Floruit
618 2381 710 2403 anno
729 2379 898 2404 CCCCXL.
