2060 2848
723 270 900 305 GENTIS
922 271 1200 312 SCOTORUM,
1225 272 1315 307 LIB.
1340 274 1441 307 XIX.
1712 277 1773 309 671

439 365 679 402 Profitebatur
697 377 791 402 anno
810 375 1039 402 MDLxxvn.

636 480 936 516 GULIELMUS
960 480 1245 522 VALVODUS‚
1270 481 1305 517 J.
1332 482 1372 517 C.
1424 485 1530 518 1202.

388 594 639 632 GULIELMUS
669 596 867 638 Va1vodus,
893 596 930 632 J.
962 596 1004 632 C.
1032 596 1228 631 clarissimo
1258 597 1412 639 nomine,
1442 602 1478 633 et
1511 597 1608 634 fama
1640 600 1775 642 celebri,

387 653 531 699 scripsit

536 711 772 747 Collationem
798 711 940 759 Legum
975 711 1227 757 Mosaycarum
1259 716 1294 747 et
1324 711 1631 749 Justinianearum
1665 715 1724 749 lib.
1752 725 1776 748 1.

583 780 673 815 opus
691 769 891 804 eruditione
907 770 1009 804 varia
1024 768 1209 805 refertum.
1262 769 1402 805 Prodiit
1428 770 1600 818 Lugduni
1626 771 1779 807 Batavo-

585 838 679 862 rum.

534 883 649 931 Leges
664 883 982 925 Thalassiarchiae,
998 883 1076 927 sive
1093 882 1325 928 Admiraliae,
1341 885 1403 921 lib.
1418 894 1445 921 1.
1458 887 1644 921 vernacule
1657 888 1779 933 vulga-

582 942 637 976 vit
653 940 825 977 Londini-

532 996 578 1032 In
604 998 753 1034 titulum
779 999 823 1033 de
850 998 1064 1044 acquirendo
1098 998 1235 1035 Rerum
1272 999 1442 1036 Dominio
1475 1000 1777 1037 Commentarium

581 1056 890 1090 accuratissimum
938 1055 1000 1090 lib.
1019 1063 1046 1089 1.

441 1111 609 1148 Florebat
625 1124 720 1148 anno
739 1121 876 1148 MDCII.

686 1225 945 1261 GEORGIUS
970 1225 1312 1264 VAUCHOPIUS.
1366 1230 1475 1264 1203.

385 1343 596 1378 Gsoncms
614 1341 857 1388 Vauchopius,
880 1342 990 1388 vulgo
1007 1340 1166 1384 Vachob‚
1183 1343 1222 1378 in
1239 1342 1365 1378 Galliis
1390 1344 1501 1380 bonas
1525 1348 1619 1380 artes
1643 1355 1778 1392 magna

384 1401 519 1449 ingenii
535 1400 593 1435 sui
612 1404 648 1435 et
664 1400 801 1445 patriae
819 1399 924 1434 laude
941 1399 1133 1444 professus,
1153 1400 1296 1445 scripsit

532 1458 588 1493 De
605 1458 718 1492 veteri
736 1457 875 1502 Populo
900 1456 1064 1491 Romano
1085 1457 1309 1499 Tractatum,
1326 1458 1372 1493 ad
1389 1456 1583 1505 Georgium
1607 1458 1773 1507 Duglasi-

580 1526 655 1550 um.
709 1514 850 1549 Prodiit
867 1513 1016 1549 Cadomi
1033 1518 1069 1548 et
1086 1514 1246 1550 Parisiis.

532 1572 810 1608 Observationes
827 1582 872 1606 ex
891 1570 1063 1606 Historiis
1081 1572 1242 1607 omnium
1262 1571 1434 1607 Gentium
1458 1573 1518 1608 lib.
1539 1582 1565 1608 1.

434 1630 676 1666 Profitebatur
692 1630 732 1665 in
754 1628 929 1665 Neustria
953 1639 1048 1664 anno
1073 1636 1234 1665 MDxcv.
1258 1630 1405 1676 quando
1429 1630 1529 1673 obiit,
1554 1632 1775 1678 exploratum

381 1700 455 1724 uon
472 1688 598 1724 habeo.

674 1800 839 1837 DAVID
864 1799 1312 1836 WEDDERBURNUS.
1364 1803 1471 1837 1204.

382 1920 521 1955 Dum
538 1916 834 1952 VVedderburnus
854 1914 1130 1958 Aberdonensis,
1155 1916 1330 1962 pueritiae
1349 1927 1448 1951 meae
1466 1917 1614 1964 collega,
1632 1916 1769 1952 scholae

381 1975 647 2012 Aberdonensis
690 1974 904 2014 moderator,
943 1974 1131 2018 utriusque
1170 1974 1315 2020 linguae
1356 1974 1593 2015 doctissimus,
1628 1974 1770 2019 scripsit

381 2035 518 2075 multa;
545 2033 607 2067 sed
624 2043 690 2078 ego
708 2031 783 2065 vidi
800 2035 943 2066 tantum

530 2088 802 2136 Συνευφξαντῆςιον
830 2088 870 2122 in
897 2087 1055 2124 Accessu
1083 2088 1194 2134 Regis
1223 2088 1269 2122 ad
1303 2087 1468 2129 Scotiam‚
1506 2093 1543 2124 et
1576 2088 1646 2123 alia
1679 2088 1766 2124 Poe-

578 2152 686 2188 mata,
714 2147 775 2182 lib.
795 2155 821 2181 Ι.

429 2205 535 2241 Vivit
549 2205 667 2241 adhuc
691 2204 731 2239 in
754 2204 886 2245 Seotia,
911 2207 948 2238 et
972 2203 1147 2238 laborioso
1171 2202 1345 2238 bonarum
1371 2202 1502 2238 artium
1527 2203 1767 2249 experimento

378 2265 607 2312 juventutem
624 2262 778 2308 patriam
801 2261 931 2302 erudit,
953 2261 1058 2306 plura
1082 2260 1276 2297 felicissimi
1301 2260 1435 2308 ingenii
1460 2265 1689 2297 monumenta
1713 2272 1767 2303 re-

382 2323 543 2363 licturus‚
560 2326 596 2357 et
613 2319 764 2367 posteris
781 2319 1001 2366 profuturus.
