2060 2848
407 327 471 358 5:36
803 327 1034 361 HISTORIA
1059 327 1431 362 ECCLESIASTICA

885 479 1167 515 PHILIPPUS.
1221 483 1328 516 1015.

410 595 633 630 PHILIPPUS
658 601 694 631 et
719 597 796 641 ipse
822 596 982 642 ejusdem
1012 597 1218 631 monasterii
1248 597 1356 631 abbas
1387 608 1536 632 numero
1567 606 1704 632 XXXII.
1736 599 1803 632 sub

409 664 480 697 quo
498 654 717 693 coenobium,
736 654 958 687 decessorum
977 653 1127 694 incuria,
1145 655 1183 687 in
1202 655 1367 688 ultimam
1391 660 1517 689 et-non
1540 655 1722 689 ferendam
1748 667 1807 700 pe-

408 710 550 744 nuriam
569 711 705 751 incidit,
724 715 765 744 ut
783 710 929 744 aedibus
947 710 1110 754 collapsis
1129 711 1293 744 monachi
1311 722 1433 745 omnes
1451 713 1679 754 excederent;
1698 724 1806 757 quam

409 768 612 802 vastitatem
631 772 664 801 et
684 768 938 801 desolationem
956 777 1051 800 mors
1076 767 1189 811 ipsius
1214 768 1337 801 statim
1362 772 1416 802 est
1441 768 1624 809 insecuta;
1653 780 1724 813 quo
1750 770 1806 803 de-

408 825 532 859 functo
550 824 769 858 Laurentius
789 823 1059 867 Herbipolensis
1077 824 1238 864 antistes,
1258 824 1355 858 bulla
1373 825 1566 869 impetrata
1589 826 1634 859 ab
1651 825 1807 860 Alexan-

408 883 472 916 dro
490 881 555 916 VI.
574 881 751 926 pontifice,
770 881 930 926 regimen
948 892 969 914 a
987 880 1112 921 Scotis‚
1133 881 1172 914 in
1189 892 1342 925 quorum
1360 882 1515 927 gratiam
1533 881 1698 917 fundatio
1711 882 1806 917 facta

407 939 536 979 fuerat,
567 939 612 972 ad
641 938 823 973 Teutones
851 939 1049 979 transtulit,
1079 938 1146 972 sub
1174 939 1305 983 quibus
1335 939 1436 973 varia
1461 938 1608 974 fortuna
1632 940 1693 973 diu
1723 939 1805 974 fuit.

408 997 570 1031 Nimium
590 996 780 1030 vehemens
798 997 837 1030 in
863 995 986 1030 Scotos
1012 1001 1153 1030 nostros
1178 1000 1232 1030 est
1255 995 1412 1031 Joannes
1437 996 1660 1031 Trithemius
1687 997 1806 1036 abbas,

409 1067 450 1089 eo
468 1054 696 1099 Spanheymo
714 1055 921 1094 translatus,
942 1053 1004 1087 sed
1029 1058 1175 1087 excusat
1198 1053 1355 1088 Joannes
1377 1054 1552 1095 Busaeus,
1580 1054 1806 1089 doctissimus

410 1113 433 1146 J
436 1112 603 1147 esuiticae
622 1112 801 1145 societatis
821 1115 932 1156 pater.
986 1111 1135 1155 Scripsit
1154 1111 1343 1155 Philippus

556 1168 611 1203 De
628 1169 824 1203 miserabili
843 1169 1055 1203 Monasterii
1073 1168 1301 1202 Desolatione
1451 1168 1511 1202 lib.
1532 1177 1558 1202 I.

458 1227 557 1261 Sedit
574 1238 667 1260 anno
687 1235 712 1260 I.
737 1227 827 1260 obiit
844 1237 900 1260 an.
922 1235 1164 1260 MCCCCXVII.
1218 1225 1362 1259 Primus
1381 1226 1490 1260 abbas
1517 1225 1717 1260 Germanus
1741 1228 1803 1271 qui

408 1286 521 1320 Scotis
535 1296 576 1318 eo
590 1284 628 1318 in
641 1284 857 1318 monasterio
875 1284 1031 1329 regendo
1044 1283 1222 1322 successit,
1238 1281 1309 1317 fuit
1324 1282 1492 1317 Kilianus
1507 1283 1674 1328 Crippus.
1712 1283 1806 1319 Vide

407 1342 608 1377 Chronicon
626 1341 831 1376 Trithemii.

831 1514 866 1549 S.
895 1512 1217 1564 PASCHASIUS.
1272 1512 1378 1549 1016.

408 1631 444 1665 S.
466 1631 730 1669 PASCHASIUS‚
749 1630 912 1674 princeps
931 1629 1118 1675 legationis
1138 1628 1333 1669 Romanae,
1347 1640 1428 1662 cum
1447 1640 1469 1662 a
1485 1629 1708 1663 sanctissimo
1723 1629 1804 1665 Vic-

408 1692 485 1720 tore
515 1685 680 1730 pontifice
705 1685 890 1719 Donaldus
918 1685 1056 1718 Scotiae
1080 1696 1144 1719 rex
1168 1687 1328 1720 doctores
1353 1686 1483 1720 obnixe
1508 1687 1623 1730 petiit,
1650 1698 1802 1730 quorum

408 1755 515 1788 opera
531 1744 590 1787 pia
609 1743 704 1776 Scoti
723 1742 920 1776 Christiani
939 1742 1074 1776 fierent.
1117 1742 1252 1777 Paulus
1265 1743 1290 1776 J
1292 1744 1394 1778 ovius
1409 1744 1447 1777 in
1461 1743 1709 1787 Descriptione
1723 1744 1803 1779 Sco·

408 1801 490 1835 tiae,
543 1800 699 1840 Quinam
718 1800 755 1833 hi
782 1801 943 1834 doctores
969 1800 1077 1844 primi
1103 1805 1138 1833 et
1164 1802 1315 1844 apostoli
1339 1800 1477 1835 Scotiae
1502 1800 1648 1841 fuerint,
1677 1812 1699 1834 a
1723 1812 1804 1835 nos-

408 1864 545 1892 trarum
564 1869 683 1892 rerum
702 1858 933 1902 scriptoribus
960 1858 1142 1901 proditum
1160 1869 1232 1891 non
1258 1862 1346 1898 erat,
1370 1858 1440 1892 nisi
1466 1857 1705 1892 Lismorensis
1729 1870 1803 1893 mo-

408 1916 541 1950 nachus
560 1926 759 1961 anonymus
777 1915 814 1948 id
832 1925 896 1948 nos
915 1915 1103 1948 docuisset.
1156 1914 1305 1959 Scripsit

556 1973 691 2007 Contra
709 1973 817 2006 Ritus
836 1972 1000 2018 Paganos
1448 1973 1509 2007 lib.
1529 1982 1554 2007 1.

556 2030 824 2065 Institutionem
843 2030 888 2063 ad
906 2029 1116 2075 Neophytos
1134 2029 1256 2065 Scotos
1450 2030 1511 2064 lib.
1532 2040 1557 2065 Ι.
1609 2030 1802 2077 Anonymo

606 2087 826 2121 Lismorensi
849 2086 1044 2133 [auctore].

458 2145 614 2180 Vivebat
631 2156 724 2179 anno
743 2154 855 2178 CCIII.
875 2156 916 2178 eo
934 2145 1029 2179 enim
1049 2156 1142 2179 anno
1160 2145 1279 2179 Scotia
1296 2146 1341 2179 ad
1358 2144 1462 2179 fidem
1481 2157 1661 2186 conversa,
1676 2146 1750 2179 dixi
1764 2146 1802 2179 in

410 2207 594 2247 apparatu.
648 2203 790 2237 Colitur
806 2202 950 2237 Dornae
968 2202 1006 2236 in
1024 2201 1278 2238 Sutherlandia
1298 2211 1373 2237 XII.
1398 2202 1563 2238 Decemb.
1616 2203 1802 2238 Breviaria

410 2260 555 2295 scotica.
