2060 2848
679 336 854 371 GENTIS
878 336 1152 375 SCOTORUM,
1175 336 1263 369 LIB.
1284 336 1379 369 XVI.
1661 334 1724 365 55⁵

343 438 380 466 et
398 432 495 472 obiit,
513 438 554 466 ut
571 442 614 466 ex
632 431 817 465 Chronicis
834 429 1150 476 Gronyngensibus
1167 433 1316 464 constat.
1367 427 1515 472 Scripsit

491 487 551 522 Ad
582 488 797 534 Fergusium
829 486 1071 520 Fundatorem
1217 486 1279 520 lib.
1310 494 1336 519 1.
1366 484 1454 518 Fuit
1482 484 1541 518 hic
1570 483 1721 528 abnepos

541 543 707 591 Fergusii
732 544 828 577 illius
849 542 912 587 qui
934 541 1192 577 Dundranense
1216 541 1422 577 coenobium
1444 539 1633 581 fundarat3
1658 551 1722 574 un-

543 602 586 635 de
604 611 703 635 error
723 599 942 634 Scoticorum
967 598 1212 635 chronicorum
1235 599 1424 645 colligitur,
1449 597 1511 643 qui
1536 597 1724 632 fundatum

541 658 668 692 volunt
685 668 707 692 a
723 656 760 691 S.
778 656 927 691 Davide.

494 714 549 749 De
569 714 769 749 Harmonia
1230 712 1292 747 lib.
1311 721 1336 747 1.

494 771 748 806 Meditationes
1230 769 1291 803 lib.
1311 778 1336 803 1.

398 829 538 863 Floruit
563 838 656 862 anno
683 835 962 861 MCCLXXXVII.
1014 825 1240 872 Augustinus
1264 825 1407 872 Argeus
1430 824 1535 860 Friso
1559 825 1724 865 medicus,

348 886 407 920 lib.
426 885 468 919 d'e
485 884 584 919 Viris
604 884 706 918 claris
724 882 867 918 Patriae
884 893 978 923 suae,
997 882 1097 916 illum
1114 883 1171 916 vel
1188 881 1331 917 Scotum
1350 883 1405 916 vel
1422 881 1582 928 Anglum
1598 882 1692 916 facit.

621 997 656 1031 S.
683 995 953 1031 RICHARDA
977 996 1024 1030 R.
1050 995 1091 1029 F.
1120 995 1164 1030 U.
1190 995 1293 1030 IMP.
1347 997 1452 1030 1042.

350 1113 386 1146 S.
406 1112 641 1150 RICHARDA,
663 1109 848 1144 Scotorum
865 1109 962 1154 regis·
977 1108 1139 1154 Gregorii
1158 1116 1309 1142 LXXIII.
1326 1108 1409 1149 filia,
1434 1113 1470 1143 et
1492 1108 1610 1144 Caroli
1627 1110 1729 1143 Cras-

350 1169 380 1202 si
409 1167 633 1212 imperatoris
663 1177 765 1206 uxor,
797 1169 960 1199 accusata
987 1165 1058 1200 fuit
1093 1165 1258 1199 adulterii
1288 1176 1369 1199 cum
1402 1165 1625 1200 Luitnuardo
1659 1166 1729 1210 epi-

350 1235 456 1269 scopo
485 1223 710 1263 Vercellensi,
737 1222 839 1256 Paul.
871 1221 1026 1268 Morigia
1059 1222 1119 1256 lib.
1152 1230 1205 1255 IV.
1242 1221 1338 1256 Hist.
1373 1222 1527 1257 Monast.
1561 1233 1635 1267 cap.
1670 1231 1729 1256 111.

351 1286 432 1325 post
457 1281 587 1314 multos
613 1283 730 1313 sancte
752 1289 832 1312 cum
857 1278 987 1312 marito
1013 1282 1137 1319 actus3
1164 1278 1224 1312 sed
1251 1289 1322 1312 non
1347 1278 1435 1313 bene
1460 1279 1653 1314 aulicorum
1678 1291 1733 1313 ar-

352 1344 405 1372 tes
438 1346 660 1381 processere3
696 1346 779 1369 nam
813 1339 835 1354 “
864 1334 1086 1369 sanctissima
1118 1334 1250 1369 femina
1284 1336 1436 1369 vomeris
1469 1336 1574 1381 igniti
1608 1336 1732 1380 proba-

353 1394 442 1428 tioni
469 1403 505 1426 se
531 1391 726 1431 submisit‚‘'
752 1390 917 1436 Rhegino
946 1390 1053 1424 abbas
1083 1391 1302 1425 Prumiensis
1328 1391 1492 1426 Chronic.
1523 1392 1568 1426 ad
1598 1403 1731 1426 annum

353 1456 652 1484 DCCCLXXXVII.
681 1452 787 1492 atque
813 1448 866 1481 ita
894 1447 1054 1481 absoluta
1078 1448 1300 1492 suspicionis.
1328 1448 1432 1482 Joan.
1462 1448 1667 1493 Cuspinian.
1694 1450 1732 1483 in

352 1506 573 1542 Caesaribus.
626 1504 713 1539 Post
736 1515 844 1549 quam
867 1504 1136 1545 accusationem,
1163 1504 1380 1546 Andelahae‚
1398 1516 1461 1539 seu
1477 1505 1662 1546 Andelow,
1688 1507 1732 1540 ad

354 1563 528 1598 Montana
544 1560 678 1607 Vosagi
696 1561 734 1594 in
759 1571 852 1606 pago
881 1559 1065 1601 Helisatia,
1091 1561 1349 1596 nobilissimum
1374 1563 1637 1597 canonissarum
1660 1573 1734 1596 coe-

352 1619 498 1654 nobium
524 1618 647 1658 erexit,
672 1622 708 1652 et
732 1616 922 1663 insigniter
944 1617 1108 1658 dotavit3
1134 1617 1253 1663 ibique
1270 1629 1333 1663 per
1351 1619 1592 1653 voluntarium
1610 1630 1631 1653 a
1648 1619 1733 1654 Cae-

354 1687 431 1712 sare
448 1674 645 1710 divortium
670 1678 842 1719 separata,
866 1673 1040 1719 gloriosae
1062 1674 1194 1710 ibidem
1216 1675 1284 1709 loci
1305 1675 1399 1710 vitae
1424 1675 1560 1710 exitum
1582 1681 1635 1710 est
1662 1687 1734 1711 sor-

353 1734 444 1773 tita;
471 1736 507 1766 et
534 1731 640 1766 cubat
668 1728 862 1765 honorifico
890 1731 1029 1765 tumulo
1057 1736 1139 1777 post
1167 1742 1343 1766 summam
1371 1743 1492 1767 arcum
1523 1733 1560 1766 in
1586 1733 1734 1767 sublime

354 1790 505 1823 elevato.
556 1787 707 1822 Aubert.
738 1787 898 1822 Miraeus
927 1787 988 1822 lib.
1016 1789 1059 1823 de
1086 1788 1252 1835 Collegiis
1282 1789 1450 1824 Canonic.
1481 1800 1555 1834 cap.
1583 1798 1732 1824 XXXIX.

357 1846 400 1880 In
441 1849 579 1880 sanctos
618 1845 740 1883 relata,
783 1843 910 1878 colitur
953 1852 1073 1879 XVIII.
1111 1845 1168 1879 die
1205 1844 1381 1889 Septemb.
1423 1845 1573 1880 Arnold.
1615 1846 1733 1881 Uvion

355 1902 416 1936 lib.
447 1911 507 1935 111.
539 1900 645 1946 Ligu.
675 1899 781 1934 Vitae
810 1911 891 1945 pag.
922 1908 1090 1934 CCCXIII.
1121 1900 1292 1934 Herman-
1320 1901 1499 1936 Contract.
1526 1901 1730 1948 Fragment.

357 1958 524 1993 Chronici
555 1957 751 2001 praefixum
780 1956 929 1990 Alberto
955 1956 1221 2002 Argentinensi,
1251 1956 1378 1991 Franc.
1419 1957 1544 1993 lrenic.
1579 1958 1731 2005 Exeges.

357 2015 523 2050 German.
554 2014 616 2048 lib.
647 2022 706 2047 XI.
736 2012 855 2047 Caroli
883 2012 1004 2058 Sigon.
1034 2012 1125 2058 Reg.
1156 2013 1236 2047 Ital.
1263 2014 1323 2048 lib.
1351 2022 1389 2048 V.
1419 2015 1458 2048 in
1483 2014 1562 2049 fine.
1593 2014 1732 2051 Scotam

358 2083 441 2106 vero
463 2071 558 2111 facit,
586 2074 725 2114 praeter
750 2074 893 2109 ceteros,
922 2068 1049 2103 Petrus
1074 2069 1249 2114 Cratepol.
1276 2070 1319 2104 de
1344 2069 1481 2105 Sanctis
1506 2070 1624 2105 Germ.
1651 2083 1732 2118 pag.

360 2137 487 2162 XCVII.
515 2132 535 2146 “
560 2126 689 2160 Sancta
714 2125 893 2159 Richarda
917 2126 1135 2169 imperatrix,
1164 2125 1236 2160 filia
1265 2125 1449 2161 Scotorum
1478 2127 1583 2173 regis,
1615 2127 1732 2163 Caroli

359 2184 478 2219 Crassi
493 2184 735 2218 Romanorum
753 2182 974 2226 imperatoris
988 2181 1153 2227 conjux.”
1189 2182 1346 2217 Divortii
1363 2194 1468 2218 causa
1483 2190 1623 2228 peracta
1639 2196 1732 2219 anno

362 2247 659 2275 DCCCLXXXVII.
686 2244 727 2273 ut
752 2238 993 2278 admonebam,
1023 2249 1151 2282 paucos
1177 2240 1303 2273 exinde
1327 2240 1458 2275 vixisse
1483 2251 1592 2275 annos
1618 2252 1732 2276 cense-

360 2304 432 2332 tur.
486 2296 662 2331 Trithem.
680 2296 740 2330 lib.
760 2303 820 2329 111.
839 2295 882 2329 de
900 2294 976 2329 Vir.
1002 2295 1111 2330 illust.
1136 2295 1221 2329 Ord.
1248 2294 1284 2329 S.
1311 2296 1443 2331 Bened.
1470 2307 1545 2341 cap.
1569 2306 1729 2333 cccxlv.

362 2355 481 2388 Uvion
499 2353 558 2387 lib.
577 2361 629 2386 1v.
649 2363 722 2396 cap.
744 2361 805 2387 III.
