2060 2848
390 317 454 347 422
772 314 1003 348 HISTORIA
1028 313 1401 347 ECCLESIASTICA

773 465 973 500 PETRUS
999 464 1260 499 KYNTYRE.
1314 466 1397 502 ⁷80.

393 581 555 615 PETRUS
574 581 751 626 Kyntyre‚
765 580 925 614 sacerdos
944 579 1159 620 Catholicus,
1179 591 1260 613 cum
1281 579 1489 624 peregrinus
1508 580 1544 612 in
1564 579 1705 613 Italiam
1725 592 1782 614 ve-

392 639 513 678 nisset,
532 639 626 672 vitae
643 638 860 683 integritate,
879 647 919 670 ac
936 636 1123 670 literatura
1139 637 1297 670 innotuit
1316 635 1488 681 Gregorio
1506 636 1554 670 X.
1579 637 1782 671 beatissimo

391 695 559 740 pontifici,
587 706 667 728 cum
692 706 763 739 quo
794 694 857 727 diu
884 694 986 732 vixit,
1013 693 1173 727 laborum
1200 698 1473 736 sanctorumque
1500 705 1646 737 operum
1672 695 1782 738 parti-

391 764 494 797 ceps3
521 756 654 786 etcum
672 752 730 785 ille
754 756 835 795 post
862 750 1047 784 concilium
1074 750 1337 783 oecumenicum
1364 749 1605 794 Lugdunense
1629 751 1780 785 Romam

392 811 535 849 rediret,
571 821 611 843 ac
645 809 865 843 Florentiam
900 807 1088 841 interdicto
1122 807 1344 850 suppositam
1374 806 1626 848 declinaturus,
1663 808 1780 843 Aretii

392 867 547 906 obiisset,
566 867 624 899 hic
643 866 796 899 Romam
814 865 982 908 perrexit,
1010 863 1071 896 ubi
1097 863 1304 907 aliquandiu
1330 864 1500 907 temporis
1523 864 1649 904 haesit,
1674 866 1783 899 donec

391 925 428 957 in
445 924 598 968 patriam
618 927 817 962 revocatus,
835 932 957 955 curam
975 921 1138 955 ecclesiae
1156 921 1341 966 cujusdam
1360 921 1526 965 suscepit.
1580 921 1650 955 Hic
1676 923 1783 967 scrip-

390 982 437 1015 sit

538 1037 691 1076 Laudes,
705 1036 810 1077 Acta,
824 1036 959 1075 Vitam,
974 1046 1014 1069 ac
1025 1034 1180 1068 Mortem
1192 1034 1356 1079 Gregorii
1371 1035 1490 1079 Papae
1504 1036 1550 1070 X.
1566 1037 1627 1070 lib.
1645 1046 1670 1070 1.
1688 1042 1708 1056 “
1719 1035 1781 1071 flo-

592 1095 670 1128 rido
688 1094 801 1134 stilo,''
827 1094 878 1128 ait
901 1093 1056 1127 Joannes
1081 1092 1266 1126 Fraserius
1290 1092 1328 1125 in
1352 1092 1540 1127 Oblatione
1559 1095 1604 1128 ad
1620 1094 1782 1128 Haereti-

586 1163 677 1191 cum,
697 1163 741 1185 ex
759 1151 973 1185 bibliotheca
991 1150 1213 1183 Killossensi.

440 1210 596 1244 Vivebat
614 1220 707 1243 anno
726 1216 940 1243 MCCLXXV.

702 1322 986 1363 QUINTINUS
1013 1320 1324 1355 KENNEDIUS.
1380 1324 1462 1359 781.

389 1440 625 1479 QUINTINUS
640 1438 857 1477 Kennedius,
872 1437 1011 1471 comitis
1026 1436 1196 1470 Cassiliae
1213 1436 1335 1475 frater,
1354 1436 1478 1470 Crucis
1498 1437 1642 1483 Regalis
1662 1439 1779 1479 abbas,

390 1498 516 1542 ingens
535 1497 758 1530 literatorum
783 1495 913 1534 fautor,
939 1505 1070 1539 magno
1096 1498 1131 1527 et
1156 1494 1266 1527 nobili
1293 1494 1411 1527 animo
1438 1494 1574 1528 haeresi
1600 1496 1638 1528 in
1665 1495 1781 1530 Scotia

389 1554 547 1588 nascenti
566 1553 803 1587 familiaribus
821 1552 1015 1596 colloquiiS,
1034 1563 1074 1584 ac
1091 1551 1232 1594 scriptis
1251 1551 1394 1590 restitit,
1414 1552 1503 1585 nihil
1522 1553 1690 1587 omittens
1710 1566 1780 1598 quo

390 1611 611 1645 Catholicam
640 1610 744 1644 fidem
774 1614 919 1644 strenue
948 1613 1203 1654 propugnaret.
1255 1608 1348 1654 Ejus
1378 1614 1463 1643 sunt
1493 1621 1609 1654 opera,
1642 1611 1665 1643 J
1668 1623 1779 1645 oanne

391 1668 536 1702 Leslaeo
555 1673 718 1701 auctore:

536 1725 591 1758 De
610 1725 850 1758 Conciliorum
868 1723 1094 1757 Auctoritate
1327 1723 1387 1757 lib.
1409 1733 1433 1757 1.

538 1781 593 1815 De
613 1782 754 1825 publico
772 1781 951 1815 Ecclesiae
969 1780 1147 1814 Sacrificio
1330 1781 1390 1815 lib.
1412 1790 1437 1814 1.

538 1839 671 1872 Contra
690 1839 841 1873 Errores
859 1838 1118 1872 Germanorum
1329 1838 1389 1872 lib.
1410 1847 1452 1872 11.

538 1896 639 1929 Fidei
654 1896 782 1940 Capita
799 1895 1065 1940 quatuordecim
1082 1896 1226 1930 defensa
1243 1899 1366 1929 contra
1379 1895 1572 1942 Georgium
1587 1896 1779 1941 Sophocar-

586 1954 684 1987 dium
1330 1953 1390 1987 lib.
1412 1963 1436 1987 Ι.

391 2011 511 2055 Atque
530 2011 615 2045 haec
634 2012 730 2056 typis
749 2012 906 2056 vulgata,
926 2010 1060 2044 inedita
1077 2022 1162 2044 vero
1180 2014 1287 2044 sunt:

541 2069 740 2113 Responsio
759 2069 803 2101 ad
820 2068 843 2101 J
846 2069 969 2102 oannis
987 2067 1186 2101 Davidsoni
1205 2079 1294 2112 opus
1330 2069 1391 2103 lib.
1413 2078 1437 2102 Ι.

540 2126 595 2159 De
613 2127 807 2159 vetitorum
826 2125 995 2159 Ciborum
1014 2124 1244 2159 Abstinentia
1327 2126 1387 2160 lib.
1409 2136 1434 2160 1.

537 2183 592 2216 De
611 2184 734 2216 illicito
755 2182 1046 2227 Presbyterorum
1067 2182 1300 2216 Matrimonio
1329 2183 1389 2217 lib.
1411 2193 1435 2216 Ι.

540 2239 594 2273 De
613 2240 722 2273 Cultu
740 2239 943 2285 Imaginum
1329 2241 1390 2274 lib.
1410 2251 1435 2274 1.

540 2296 725 2330 Palinodia
742 2296 914 2330 WVilloxio
931 2297 1069 2330 reddita
1087 2306 1207 2330 XXIX.
1226 2297 1351 2331 Martii
1371 2307 1539 2331 MDLXII.
1623 2299 1681 2333 lib.
1705 2310 1728 2333 1.

542 2354 774 2393 Querimonia
791 2365 897 2397 super
915 2353 1049 2387 Knoxii
1069 2354 1209 2388 Fraude
1227 2359 1261 2388 et
1280 2354 1469 2399 Impietate
1625 2357 1684 2390 lib.
1706 2366 1730 2390 1.

538 2410 664 2444 Oratio
692 2422 756 2455 pro
782 2411 993 2445 Obedientia
1015 2412 1189 2456 supremis
1219 2411 1471 2452 Potestatibus,
1498 2412 1618 2447 habita
1645 2415 1700 2447 (lie
1728 2416 1778 2447 ul-
