2060 2848
371 346 436 376 414
753 345 986 378 HISTORIA
1010 345 1385 379 ECCLESIASTICA

805 498 850 533 B.
878 497 1190 533 KINEARDUS.
1244 497 1325 536 763.

373 614 416 648 Β.
446 614 695 649 KINEARDUS
722 615 858 654 Scotus,
885 614 974 648 falso
999 614 1170 648 hactenus
1197 614 1371 649 Einartus
1397 620 1432 649 et
1459 613 1669 660 Eginartus,
1699 616 1765 651 Ca-

371 673 437 706 roli
464 672 591 718 Magni
617 674 793 712 alumnus,
820 673 975 706 creditus
1006 671 1217 712 Germanus,
1248 683 1328 707 cum
1356 672 1466 706 fuerit
1494 672 1643 716 Scotus;
1682 685 1764 708 nam

373 730 409 763 id
439 740 569 763 nomen
599 741 640 764 eo
670 740 758 763 aevo
788 730 826 763 in
857 740 897 763 eo
927 729 1138 764 Britanniae
1168 733 1286 763 tractu
1316 729 1494 774 frequens.
1548 730 1765 765 Hovedenus

371 786 504 820 Annal.
532 798 613 832 pag.
642 795 824 820 CCXXXV.
872 786 1030 826 Alcuini,
1059 785 1211 825 Rabani,
1238 785 1444 827 Clementis,
1473 792 1509 821 et
1534 787 1684 821 Joannis
1712 800 1766 822 so-

371 845 457 883 cius,
484 855 572 888 quos
601 855 704 888 saepe
727 845 793 878 hoc
818 854 923 888 opere
946 844 1069 877 monui
1094 854 1174 876 cum
1202 843 1380 877 Gulielmo
1407 844 1536 878 Achaii
1563 845 1658 890 regis
1685 845 1766 879 Sco-

370 907 489 935 torum
513 901 623 936 fratre
652 912 695 935 ex
719 901 838 935 Scotia
861 901 898 934 in
923 901 1076 935 Galliam
1101 901 1251 941 venisse,
1280 906 1315 934 et
1339 905 1379 934 ut
1405 902 1511 935 ceteri
1536 902 1602 936 sub
1626 903 1766 936 senium

370 960 451 993 aula
485 960 624 993 deserta
658 959 852 993 monachus
886 958 1012 998 faetus,
1050 969 1090 992 ac
1125 958 1251 992 deinde
1281 958 1400 999 abbas,
1433 959 1580 993 concilio
1612 958 1766 1005 Mogun-

369 1017 445 1051 tino
475 1017 542 1051 sub
572 1016 759 1051 Bonifacio
789 1017 992 1051 subscribit.
1056 1015 1221 1050 Primum
1252 1021 1505 1062 argumentum
1536 1016 1580 1051 ab
1610 1017 1765 1052 hominis

368 1074 538 1108 Germani
557 1075 768 1109 auctoritate
786 1079 968 1108 sumetur:
992 1074 1022 1107 is
1037 1078 1091 1107 est
1107 1073 1293 1109 Conradus
1312 1073 1501 1115 Gesnerus,
1520 1075 1583 1119 qui
1602 1080 1623 1094 “
1641 1075 1765 1110 Vitam

369 1132 487 1166 Caroli
515 1133 560 1167 ab
587 1131 720 1166 Albino
748 1131 874 1166 Flacco
900 1131 1024 1165 Scoto”
1050 1131 1285 1175 conscriptam
1317 1132 1439 1174 docet3
1470 1144 1577 1176 quem
1603 1134 1765 1178 sequitur

368 1189 485 1223 Josias
516 1190 687 1231 Simlerus
718 1190 958 1234 epitomastes,
988 1194 1023 1223 et
1057 1199 1201 1223 concors
1238 1188 1387 1223 Flavius
1418 1190 1580 1224 Blondus
1614 1191 1763 1225 Hetrur.

367 1247 534 1281 illustrat.
561 1259 642 1293 pag.
669 1256 740 1281 L11.
769 1248 807 1281 in
833 1247 938 1283 rebus
965 1246 1190 1281 Florentiae:
1219 1250 1240 1266 ‘⁵
1259 1246 1368 1281 Gesta
1394 1247 1512 1281 Caroli
1539 1248 1584 1282 ab
1609 1248 1765 1282 Alcuino

367 1305 444 1350 ejus
463 1310 689 1349 praeceptore
707 1305 871 1349 scripta.”
923 1304 1060 1338 Deinde
1078 1308 1132 1337 est
1150 1304 1260 1337 codex
1278 1305 1374 1348 apud
1393 1304 1541 1339 Petrum
1560 1305 1761 1346 Petavium,

368 1367 563 1397 senatorem
577 1362 826 1403 Parisiensem,
841 1372 879 1396 v.
893 1371 955 1396 eL.
971 1373 1051 1395 cum
1066 1361 1132 1395 hac
1146 1361 1395 1405 inscriptione:
1415 1367 1436 1381 “
1450 1362 1576 1396 Scotus
1588 1364 1631 1397 de
1642 1363 1764 1397 Rebus

367 1420 484 1454 Caroli
505 1421 631 1466 Magni
648 1420 678 1454 :''
703 1420 816 1464 liquet
839 1431 924 1466 ergo
948 1420 1043 1453 hunc
1067 1423 1252 1454 vetustum
1277 1430 1351 1453 esse
1375 1419 1532 1460 Scotum,
1558 1421 1621 1465 qui
1639 1421 1684 1455 ab
1701 1422 1764 1455 ali-

369 1478 498 1523 quibus
516 1477 692 1512 Alcuinus
711 1478 837 1512 scotus
859 1477 1070 1522 putabatur,
1095 1477 1140 1512 ab
1163 1477 1242 1511 aliis
1269 1488 1480 1522 anonymus.
1533 1478 1602 1512 Sed
1628 1484 1663 1512 et
1687 1479 1765 1513 Cle-

367 1541 522 1570 mentem
540 1536 717 1580 quendam
737 1535 882 1569 Scotum
901 1540 1081 1569 auctorem
1100 1534 1186 1568 facit
1204 1534 1445 1580 VVolfgangus
1463 1535 1595 1570 Lazius
1620 1537 1680 1571 lib.
1701 1546 1761 1571 111.

368 1595 410 1628 de
430 1594 579 1639 Migrat.
608 1592 713 1628 Gent.
740 1604 822 1639 pag.
848 1601 916 1627 XL.
968 1591 1050 1638 Ego
1076 1603 1171 1626 nunc
1196 1593 1353 1637 primum
1380 1604 1509 1627 nomen
1535 1605 1620 1628 eruo
1645 1606 1664 1628 e
1690 1596 1763 1629 situ

369 1656 404 1686 et
434 1651 579 1685 latebris
613 1650 841 1695 antiquitatis
872 1649 1040 1690 Scoticae,
1071 1654 1107 1683 et
1134 1650 1279 1695 gratias,
1312 1655 1411 1694 puto,
1444 1650 1588 1686 habebit
1618 1652 1762 1686 nobilis—

368 1710 459 1743 sima
493 1709 587 1753 apud
621 1713 798 1742 nostrates
833 1707 1077 1741 Kinardorum
1111 1707 1257 1748 familia,
1293 1719 1384 1752 quae
1419 1709 1615 1744 etiamnum
1655 1709 1761 1744 hodie

368 1771 493 1811 potens
519 1771 583 1805 est,
612 1771 647 1799 et
674 1767 778 1805 clara,
805 1765 850 1799 ob
876 1770 950 1798 tam
977 1764 1117 1811 insigne
1143 1765 1341 1799 nobilitatis
1368 1777 1451 1799 suae
1478 1772 1760 1802 monumentum.

369 1824 500 1857 Docuit
517 1835 574 1857 me
593 1823 795 1857 Florentius
814 1822 1062 1868 vigorniensis
1081 1823 1119 1856 in
1137 1822 1314 1856 Chronico
1332 1824 1376 1856 ad
1403 1835 1536 1857 annum
1562 1833 1762 1859 DCCCXIII.

369 1892 474 1926 quem
499 1883 615 1915 locum
640 1881 847 1914 exscribam.
900 1885 922 1899 “
941 1879 1035 1914 Pons
1062 1892 1167 1925 quem
1194 1881 1288 1924 apud
1317 1880 1590 1926 Moguntiacum
1617 1894 1680 1926 per
1705 1884 1762 1917 de-

369 1950 443 1973 cem
470 1950 581 1972 annos
609 1939 745 1984 ingenti
772 1938 902 1977 labore,
933 1942 968 1972 et
994 1949 1101 1982 opera
1123 1938 1290 1978 mirabili,
1321 1938 1363 1971 de
1389 1939 1497 1984 lignis
1524 1939 1672 1974 Carolus
1700 1952 1762 1974 rex

368 1997 512 2037 struxit,
543 1997 630 2030 adeo
659 2001 700 2030 ut
730 2001 902 2040 perpetuo
932 1996 1060 2029 durare
1094 2007 1196 2040 posse
1231 1995 1423 2035 videretur,
1454 2008 1547 2030 anno
1577 2009 1649 2031 uno
1680 2004 1762 2032 ante

370 2055 506 2089 obitum
524 2065 629 2088 suum
648 2055 699 2088 ita
717 2054 832 2087 tribus
850 2054 947 2087 horis
965 2052 1209 2099 conflagravit.
1236 2058 1276 2087 ut
1303 2065 1348 2087 ne
1373 2065 1446 2087 una
1471 2055 1614 2098 quidem
1640 2056 1762 2090 hastu-

370 2115 403 2146 la
421 2124 527 2156 super
550 2123 678 2156 aquam
703 2116 909 2145 remaneret.
961 2110 1111 2145 Pontem
1139 2116 1258 2144 autem
1285 2112 1386 2145 illum
1411 2111 1607 2156 Ricolphus
1631 2114 1761 2157 episco-

371 2181 437 2214 pus
456 2170 586 2203 dicitur
599 2169 749 2214 jussisse
767 2169 965 2208 incendere,
983 2173 1129 2213 propter
1146 2169 1342 2209 latrocinia,
1361 2179 1451 2213 quae
1469 2170 1632 2204 noctibus
1658 2171 1696 2204 in
1720 2183 1760 2204 eo

372 2227 634 2266 exercebantur,
653 2227 738 2259 dum
757 2226 917 2260 homines
937 2226 1078 2270 spoliati
1093 2226 1130 2259 in
1150 2225 1281 2259 flumen
1296 2227 1413 2270 ipsum
1427 2227 1516 2272 jacti
1530 2228 1758 2262 necabantur.

373 2285 441 2318 Sed
460 2284 672 2323 Kineardus,
697 2284 759 2327 qui
785 2285 897 2317 vitam
921 2284 1024 2317 istius
1049 2283 1167 2317 Caroli
1191 2284 1342 2328 scripsit,
1370 2284 1455 2318 haec
1477 2284 1627 2318 fortuito
1652 2285 1760 2319 refert

371 2342 593 2387 contigisse.’'
645 2341 760 2374 Locus
780 2341 951 2375 Kineardi
970 2352 1041 2374 non
1060 2346 1111 2374 est
1131 2341 1281 2374 fideliter
1298 2352 1319 2374 a
1342 2341 1526 2375 Florentio
1549 2343 1759 2387 exscriptus,

373 2411 486 2443 neque
504 2399 693 2443 quicquam
713 2399 770 2431 ille
789 2399 830 2431 de
849 2398 998 2432 fortuito
1016 2409 1121 2439 casu3
1141 2399 1190 2431 sic
1209 2399 1302 2431 enim
1321 2399 1400 2432 ille:
1421 2403 1441 2417 “
1456 2398 1551 2432 Pons
1569 2400 1663 2443 apud
1681 2400 1760 2434 Mo-

372 2457 580 2502 guntiacum
599 2456 635 2489 in
654 2456 780 2490 Rheno
798 2456 1073 2501 quingentorum
1094 2466 1262 2500 passuum
1282 2456 1527 2501 longitudinis,
1555 2468 1636 2490 nam
1662 2462 1760 2492 tanta
