2060 2848
316 354 318 356 ,
369 320 432 350 588
752 320 983 355 HISTORIA
1008 321 1378 357 ECCLESIASTICA

522 414 688 459 Hymnos
706 416 743 450 in
761 416 857 451 Deos
1288 417 1349 452 lib.
1370 427 1396 452 1.
1423 417 1486 464 qui
1514 422 1630 453 aetate
1661 417 1768 452 Vere-

570 473 693 507 mundi
713 473 895 509 extabant.

523 528 777 578 Genealogiam
795 530 937 578 Regum
1291 532 1351 567 lib.
1372 542 1397 567 1.

427 588 569 622 Floruit
585 599 679 623 anno
696 592 779 623 ante
796 588 982 624 Christum
999 598 1063 624 CL.
1078 590 1146 624 sub
1163 589 1345 624 Reuthere
1362 590 1593 625 Dornadillae
1610 590 1635 624 f.
1655 601 1736 636 rege
1750 600 1760 630 ·,

379 646 447 680 nisi
463 645 555 680 forte
573 646 664 680 alius
682 646 729 680 sit
747 647 954 690 posterioris
972 647 1088 691 operis
1106 652 1241 687 auctor,
1254 658 1275 681 a
1292 652 1416 682 nostro
1432 648 1595 682 diversus
1611 653 1717 694 gente
1735 652 1771 681 et

376 710 546 748 tempore,
566 713 648 737 nam
666 702 828 750 Anglum
845 703 955 737 fuisse
972 703 1070 737 hunc
1087 703 1258 748 suspicor,
1285 708 1320 738 et
1337 704 1506 738 claruisse
1524 705 1617 739 circa
1634 715 1768 739 annum

376 769 549 796 Deccnx.

784 873 982 910 SILVIUS
1006 874 1188 910 BONUS.
1243 876 1350 913 1057.

375 992 538 1025 Snivms
569 990 704 1031 Bonus,
735 990 879 1024 natione
909 989 1046 1030 Scotus,
1075 990 1216 1025 dubites
1242 994 1364 1025 orator
1389 989 1565 1025 facundus
1593 1001 1638 1025 an
1665 995 1768 1035 poeta

376 1053 501 1083 acutus
527 1048 648 1088 fuerit,
676 1048 833 1082 maxima
859 1048 1114 1085 aestimatione„
1131 1048 1225 1092 apud
1252 1047 1466 1088 Maximum,
1492 1048 1554 1093 qui
1579 1048 1770 1092 imperium

377 1107 580 1140 Romanum
614 1106 653 1139 in
692 1105 889 1139 Britanniis
924 1110 960 1139 et
993 1105 1119 1139 Galliis
1153 1105 1351 1149 usurpabat
1385 1109 1509 1139 contra
1543 1104 1768 1139 Gratianum.

375 1163 471 1197 Mira
487 1163 624 1197 invidia
641 1164 736 1197 inter
756 1163 856 1196 illum
880 1167 916 1197 et
937 1162 1142 1197 Ausonium
1169 1162 1483 1208 Burdegalensem‚
1509 1166 1544 1197 et
1568 1168 1696 1197 mutua
1718 1163 1770 1196 in-

375 1226 429 1254 ter
445 1221 540 1264 ipsos
559 1221 714 1265 scriptio.
768 1219 918 1264 Scripsit
935 1220 994 1253 hic

523 1277 676 1311 Maximi
696 1277 858 1311 Caesaris
877 1277 1019 1312 Laudes
1312 1276 1374 1310 lib.
1394 1285 1419 1310 1.

519 1335 721 1369 Invectivas
740 1335 777 1368 in
795 1334 999 1369 Ausonium
1310 1333 1372 1368 lib.
1394 1342 1420 1368 1.
1472 1333 1555 1379 Ipse
1584 1333 1770 1368 Ausonius

569 1393 714 1432 indicat,
734 1393 795 1427 sed
813 1403 895 1426 eum
913 1391 1101 1426 Britonem
1123 1395 1239 1431 vocat,
1266 1391 1352 1436 quia
1376 1402 1421 1425 ex
1447 1390 1641 1426 Britannia
1667 1390 1771 1425 Max-

568 1451 681 1484 imum
700 1450 886 1484 Caesarem
906 1454 1047 1483 secutus
1065 1454 1153 1484 erat.
1206 1448 1264 1483 Sic
1281 1459 1367 1495 ergo
1383 1447 1515 1484 Decius
1529 1448 1714 1484 Ausonius
1730 1450 1768 1483 in

568 1507 852 1553 Epigrammatis
865 1516 875 1541 ι

675 1562 783 1591 Silvius
797 1562 847 1591 ille
862 1562 960 1591 Bonus
974 1562 1024 1600 qui
1039 1562 1164 1591 carmina
1177 1567 1274 1591 nostra
1286 1562 1409 1591 lacessit.

519 1621 574 1654 De
593 1620 703 1654 Bellis
721 1619 938 1653 Aremoricis
1312 1619 1374 1654 lib.
1394 1628 1420 1653 1.

522 1678 732 1712 Poematum
751 1677 883 1710 diversi
900 1677 1040 1723 generis
1311 1676 1372 1711 lib.
1392 1686 1418 1710 1.

518 1735 766 1780 Epistolarum
785 1734 830 1768 ad
848 1734 1007 1768 diversos
1313 1734 1374 1768 lib.
1395 1743 1420 1768 1.

426 1794 565 1828 Claruit
583 1804 676 1827 anuo
691 1801 832 1826 ccccx.
869 1792 1021 1826 Frustra
1038 1793 1138 1826 illum
1154 1790 1266 1837 Angli
1281 1791 1475 1832 vindicant,
1491 1803 1572 1827 cum
1586 1792 1767 1827 Sconanus

372 1857 406 1885 et
425 1850 715 1885 Scotichronicon
732 1849 865 1883 faciant
883 1848 1041 1883 Scotum.

699 1964 897 1999 SILVIUS
923 1963 1093 1998 BONUS
1118 1972 1272 1998 ALTER.
1328 1966 1434 1999 1058.

372 2081 538 2116 Slnvms
566 2081 701 2121 Bonus,
733 2092 776 2114 ex
807 2079 1056 2125 antiquissima
1083 2083 1119 2113 et
1148 2078 1371 2114 nobilissima
1395 2078 1533 2114 familia
1558 2079 1763 2121 Silviorum,

372 2139 446 2172 sive
475 2137 603 2178 W00d‚
628 2149 718 2182 quae
745 2138 853 2172 etiam
878 2137 982 2171 hodie
1006 2137 1101 2171 inter
1123 2136 1315 2171 honoratas
1342 2141 1377 2171 et
1405 2137 1573 2181 patricias
1599 2149 1763 2172 numera-

373 2201 443 2235 tur,
471 2195 563 2229 Boni
592 2200 866 2241 cognomentum
897 2195 973 2240 ipse
998 2205 1071 2228 non
1094 2194 1299 2238 assumpsit,
1323 2194 1384 2228 sed
1407 2205 1472 2239 per
1490 2195 1614 2240 jocum
1642 2195 1673 2229 ei
1700 2196 1764 2229 im-

372 2254 529 2297 positum
550 2253 750 2287 imitatione
767 2252 989 2287 Ausoniana.
1042 2251 1132 2290 Quis
1156 2251 1276 2291 fuerit,
1300 2251 1363 2285 ubi
1386 2252 1529 2292 vixerit,
1555 2251 1647 2298 [non
1672 2263 1763 2287 com-

371 2309 477 2354 peri,]
509 2310 579 2343 nisi
605 2310 700 2354 quod
725 2315 862 2344 certum
888 2310 989 2343 illum
1019 2309 1063 2342 de
1092 2308 1377 2355 peregrinatione
1407 2319 1471 2343 sua
1497 2319 1586 2354 opus
1612 2310 1763 2346 edidisse

372 2367 651 2401 eruditissimum
671 2367 738 2401 sub
755 2368 873 2407 titulo,

518 2423 744 2468 Comparatio
762 2424 928 2468 antiquae
947 2428 981 2458 et
999 2424 1189 2459 hodiernae
1204 2424 1329 2459 Italiae
1346 2425 1406 2460 lib.
1426 2434 1451 2459 1.
