2060 2848
646 305 821 338 GENTIS
847 305 1123 343 SCOTORUM,
1148 306 1237 337 LIB.
1264 306 1327 337 XI.
1626 306 1688 337 437

297 403 432 447 patriae
459 411 542 434 suae
570 404 788 439 ornamento,
818 410 882 434 nec
909 399 1046 433 minore
1072 399 1204 444 ingenii
1224 399 1486 433 existimatione
1505 409 1541 431 se
1561 400 1680 443 gessit.

300 460 449 504 Scripsit

443 515 619 550 Volumen
637 514 777 560 Legum
1186 513 1246 546 lib.
1267 522 1290 546 1.

443 572 614 606 Lecturas
633 571 852 606 Juristarum
1183 570 1243 603 lib.
1265 580 1289 603 1.

444 630 591 664 Artium
611 628 735 663 Nexus
1184 628 1244 661 lib.
1266 637 1289 661 1.

347 688 466 721 Rediit
485 688 522 721 in
540 687 691 731 patriam
711 698 804 720 anno
824 695 991 721 MceXCI.
1011 690 1046 719 et
1064 686 1224 729 sepultus
1242 685 1386 719 Sconae.

718 857 754 891 S.
782 856 1125 891 LAURENTIUS.
1179 860 1261 895 809.

297 976 332 1008 S.
347 974 626 1012 LAUREN'HUS,
641 976 873 1018 cognomento
891 970 1027 1011 Scotns,
1049 972 1164 1006 socius
1183 972 1372 1012 Tanconis,
1392 973 1566 1012 Pattonis‚
1589 973 1681 1007 Har-

297 1032 408 1070 ruchi‚
427 1038 462 1064 et
484 1030 656 1067 Kortilae,
682 1029 846 1062 Brunoni
873 1028 944 1062 filio
968 1028 1132 1068 Othonis,
1157 1028 1331 1063 saxoniae
1355 1030 1465 1070 ducis,
1494 1031 1578 1064 dum
1610 1033 1682 1075 epi-

295 1099 420 1132 scopus
450 1088 480 1120 is
515 1092 605 1119 esset
634 1085 836 1125 verdensis,
869 1096 984 1118 comes
1014 1086 1186 1125 adhaesit,
1218 1087 1440 1131 eundemque
1475 1088 1676 1131 pontificem

295 1146 489 1179 maximum
517 1144 763 1177 renunciatum
794 1142 946 1176 Romam
977 1147 1118 1176 secutus
1148 1148 1222 1177 est:
1254 1143 1323 1177 fuit
1355 1145 1384 1177 is
1408 1144 1602 1190 Gregorius
1634 1145 1677 1179 V.

295 1207 451 1242 vocatus,
483 1201 584 1246 cujus
612 1199 833 1245 pontificatui
862 1200 1038 1234 indivisus
1072 1200 1131 1233 hic
1166 1211 1280 1234 comes
1316 1201 1485 1235 honorem
1521 1207 1555 1236 et
1585 1213 1681 1236 sanc-

295 1261 435 1293 titatem
463 1259 574 1303 ipsius
609 1257 774 1302 operibus
805 1261 944 1291 tutatus
979 1264 1053 1297 est;
1092 1257 1231 1301 scripsit
1267 1259 1372 1297 enim,
1408 1263 1449 1291 ut
1480 1260 1548 1292 alia
1579 1260 1683 1293 omit-

296 1323 380 1356 tam,

443 1374 577 1407 Contra
606 1372 852 1406 Adeobaldum
887 1371 1118 1416 Antipapam,
1150 1377 1184 1406 et
1214 1372 1436 1406 Crescentem
1468 1373 1682 1414 Romanum,

492 1430 552 1464 lib.
574 1439 598 1464 ῐ.
652 1430 819 1464 Meminit
845 1429 1088 1463 Theudoricus
1111 1441 1133 1463 a
1158 1429 1264 1462 Niem
1290 1440 1394 1473 opere
1420 1431 1462 1464 de
1481 1431 1685 1465 Schismati-

493 1488 570 1527 bus,
589 1488 664 1532 ipse
682 1486 930 1520 schismaticus
950 1490 985 1519 et
1003 1487 1163 1529 perditus
1181 1487 1298 1520 homo.

346 1546 466 1591 Hujus
483 1550 536 1579 est
553 1544 774 1589 epitaphium
794 1542 956 1589 Gregorii
975 1543 1071 1576 illius
1090 1544 1135 1577 ad
1152 1542 1197 1576 D.
1217 1543 1315 1577 Petri
1334 1556 1442 1589 prope
1461 1547 1571 1579 altare
1598 1546 1682 1579 Divi

302 1603 489 1637 Andreae:

596 1698 663 1730 Hic,
677 1706 763 1735 quem
778 1697 852 1725 texit
866 1697 980 1730 humus,
995 1696 1084 1725 oculis
1099 1696 1241 1735 vultuque
1255 1697 1398 1732 decorum,

635 1744 712 1782 Papa
725 1743 783 1772 fuit
796 1743 915 1781 quintus
929 1743 1043 1771 nomine
1059 1743 1225 1781 Gregorius,

596 1792 676 1820 Ante
689 1796 787 1819 tamen
801 1790 908 1823 Bruno,
924 1790 1096 1818 Francorum
1111 1790 1189 1828 regia
1202 1791 1305 1829 proles,

635 1837 728 1866 Filius
742 1837 878 1870 Othonis,
894 1836 929 1865 de
943 1837 1081 1874 genitrice
1095 1837 1115 1865 J
1117 1836 1201 1866 udith
1214 1848 1222 1870 ;

597 1884 712 1922 Lingua
728 1884 914 1917 Teutonicus,
930 1883 1043 1921 Vangia
1057 1883 1157 1912 doctus
1170 1884 1199 1911 in
1216 1884 1297 1916 urbe,

635 1931 692 1959 Sed
702 1930 819 1968 juvenis
833 1929 997 1958 cathedram
1012 1930 1086 1958 sedit
1100 1930 1291 1967 apostolicam,

597 1977 645 2005 Ad
657 1978 739 2006 binos
753 1987 850 2009 annos,
865 1982 895 2005 et
905 1986 1017 2005 menses
1030 1976 1143 2004 circiter
1157 1982 1228 2009 octo,

635 2024 694 2052 Ter
708 2034 789 2052 senos
803 2024 903 2052 februo
916 2028 1152 2051 commemorante
1166 2023 1236 2051 dies.

596 2071 772 2109 Pauperibus
786 2070 865 2099 dives
879 2080 930 2108 per
943 2069 1055 2107 singula
1071 2069 1214 2098 Sabbatha
1228 2075 1321 2098 vestes

635 2118 744 2146 Divisit
758 2127 877 2145 numero
890 2122 991 2145 cautus
1005 2116 1164 2154 apostolico.

600 2166 676 2193 Usus
691 2165 841 2192 Francisca
855 2164 975 2202 vulgari,
990 2169 1019 2192 et
1033 2173 1100 2192 voce
1115 2163 1229 2196 Latina,

638 2211 770 2239 Instituit
784 2211 901 2249 populos
916 2210 1027 2248 eloquio
1040 2211 1157 2249 triplici.

598 2258 715 2287 Tertius
731 2258 810 2286 Otho
824 2258 867 2286 illi
883 2258 962 2286 Petri
976 2258 1116 2287 commisit
1130 2259 1214 2292 ovile,

634 2306 769 2344 Cognatis
783 2305 914 2334 manibus
927 2310 1033 2333 unctus
1046 2305 1076 2333 in
1090 2305 1251 2344 imperium.

597 2353 688 2381 Exuit
702 2358 732 2381 et
746 2358 894 2391 postquam
909 2357 1041 2381 terrenae
1054 2352 1168 2381 vincula
1183 2353 1284 2386 carni&

972 2409 996 2434 O
