2060 2848
424 331 507 363 560*
808 330 1042 366 HISTORIA
1066 330 1439 366 ECCLESIASTICA

874 453 1219 519 REGINALDUS.
1274 459 1382 523 1059.

427 598 706 634 REGmALDUS
724 600 908 645 episcopus
923 600 966 634 de
979 599 1209 640 Rosmarkin‚
1222 603 1264 633 ut
1277 600 1485 644 loquuntur,
1500 598 1718 634 Hovedenus
1736 611 1817 646 pag.

428 665 698 691 ccccxxxvn.
733 657 771 691 id
800 662 865 698 est,
896 657 1097 697 Rossensis,
1125 656 1188 701 qui
1218 667 1300 691 cum
1332 656 1475 703 Rogero
1505 657 1666 692 antistite
1697 657 1820 692 Sanct-

426 714 606 749 andreano
624 714 728 749 duxit
746 715 791 748 ad
808 714 946 760 Regem
973 714 1176 748 Haroldum
1197 713 1372 748 seniorem
1396 714 1435 747 in
1457 714 1585 748 insulis
1610 716 1820 750 tumultum.

429 771 491 806 Au
508 771 643 817 aliquid
661 771 853 816 scripserit,
871 782 944 805 non
961 769 1176 816 deprehendi
1191 780 1201 810 ;
1229 774 1323 805 certe
1339 770 1432 804 nihil
1449 775 1558 806 extat.

478 828 630 864 Sedebat
646 830 740 863 an'no
760 836 951 862 mcxcvn.

753 940 954 977 PETRUS
980 940 1257 977 RAMSAEUS
1283 942 1329 977 E.
1384 942 1490 978 1060.

426 1062 590 1096 PETRUS
616 1058 825 1099 Ramsaeus,
852 1069 915 1093 seu
944 1058 988 1092 de
1012 1057 1189 1093 Ramsaeo
1214 1064 1279 1094 aut
1304 1059 1498 1104 Ramsayo,
1525 1063 1566 1093 ut
1591 1059 1670 1093 aliis
1695 1060 1821 1104 placet,

423 1129 539 1153 nonus
559 1116 755 1152 Murthlaci
773 1120 809 1150 et
831 1115 1059 1150 Aberdoniae
1084 1116 1246 1157 antistes,
1273 1116 1456 1161 Radulphi
1483 1127 1674 1157 successor,
1700 1128 1822 1152 mona-

425 1177 512 1210 chus
538 1172 851 1214 Aberbrothensis,
875 1177 897 1193 “
914 1173 1075 1207 omnium
1099 1173 1368 1218 disciplinarum
1393 1184 1523 1220 genere
1549 1174 1741 1214 eruditus,”
1770 1175 1820 1209 ait

426 1232 562 1267 Hector
579 1231 754 1266 Boethius
769 1230 831 1265 lib.
853 1230 896 1264 de
919 1229 1016 1264 Vitis
1039 1229 1300 1275 Episcoporum
1318 1231 1640 1266 Aberdonensium.
1694 1231 1819 1267 Edidit

574 1289 703 1324 Varias
720 1288 900 1323 Ecclesiae
918 1287 1125 1323 Sanctiones
1367 1289 1428 1324 lib.
1449 1298 1474 1324 1.

574 1346 728 1381 Decreta
745 1346 791 1380 ad
809 1345 1015 1380 Sacerdotes
1363 1346 1426 1381 lib.
1446 1356 1472 1381 1.

472 1407 572 1442 Sedit
589 1406 692 1440 annis
710 1414 751 1439 x.
774 1404 862 1439 obiit
880 1415 974 1438 anno
993 1412 1031 1437 v-
1060 1401 1258 1439 Alexandri
1277 1403 1350 1439 111.
1377 1404 1484 1451 regis,
1510 1404 1573 1450 qui
1599 1403 1669 1439 fuit
1696 1405 1821 1439 salutis

423 1468 598 1501 humanae
617 1471 789 1498 MCCLIV.

783 1576 1019 1614 JOANNES
1043 1576 1224 1612 ROUGH
1252 1577 1300 1611 H.
1354 1576 1458 1612 1061.

423 1697 445 1730 J
450 1704 615 1731 OANNES
648 1694 814 1733 ROUG11',
845 1693 978 1738 impius
1008 1697 1044 1727 et
1069 1693 1152 1727 vilis
1177 1693 1351 1738 apostata,
1377 1704 1396 1726 e
1421 1697 1544 1727 sancto
1569 1692 1820 1729 Dominicauo·

422 1765 503 1789 rum
521 1758 624 1788 coetu
641 1763 686 1786 ex
711 1751 830 1785 Scotia
856 1750 951 1797 fugit
978 1751 1016 1786 in
1039 1749 1222 1797 Angliam,
1249 1750 1370 1795 ibique
1396 1750 1565 1784 damnato
1591 1751 1714 1785 ordine
1739 1763 1815 1793 suo,

422 1817 630 1856 mutatoque
660 1809 787 1844 habitu
817 1808 883 1842 sub
913 1808 1087 1843 Eduardo
1118 1807 1184 1842 VI.
1216 1807 1481 1842 cacodaemonis
1511 1818 1637 1851 praeco
1667 1819 1815 1843 uxorem

422 1871 536 1909 duxit,
563 1879 641 1902 cum
670 1878 741 1912 qua
766 1867 921 1910 turpiter
945 1866 1048 1905 vixit,
1072 1865 1183 1899 donec
1208 1865 1275 1899 sub
1301 1864 1482 1909 piissimae
1508 1865 1652 1910 reginae
1679 1866 1818 1900 Mariae

421 1928 624 1972 principatu
649 1937 692 1959 ex
718 1923 914 1969 impietatis
941 1923 1088 1957 latebris
1119 1927 1311 1962 extractus,
1342 1922 1381 1955 in
1410 1926 1570 1967 apertam
1601 1923 1818 1969 ignominiae

421 1987 533 2020 lucem
552 1984 756 2028 perductus,
775 1982 857 2028 igne
875 1981 1015 2015 vindice
1033 1980 1187 2015 violatae
1204 1979 1370 2026 religioni
1390 1990 1521 2024 poenas
1539 1980 1618 2015 luit.
1662 1980 1816 2025 Scripse-

422 2047 476 2077 rat
494 2042 666 2076 nonnulla
683 2039 942 2075 scelestissima.
994 2038 1158 2073 Exustus
1176 2043 1230 2072 est
1248 2048 1342 2072 anno
1362 2046 1527 2072 MDLVII.

746 2212 1061 2248 RADULPHUS
1086 2211 1250 2253 ALIUS,
1277 2211 1322 2246 E.
1377 2211 1488 2247 1062.>
1530 2221 1532 2224 ·

422 2331 678 2364 RADULPHUS
720 2330 812 2364 alius
855 2329 947 2363 circa
990 2328 1076 2363 haec
1124 2329 1245 2363 eadem
1288 2332 1449 2372 tempora
1494 2326 1551 2361 his
1598 2327 1714 2362 verbis
1757 2328 1815 2362 de-

421 2387 587 2422 scribitur
630 2388 674 2422 ab
721 2398 913 2432 anonymo.
941 2386 1115 2421 monacho
1162 2385 1418 2432 *WigorniensL
1466 2384 1502 2418 in
1546 2385 1812 2420 continuatione
