2060 2848
655 260 829 295 GENTIS
852 261 1127 301 SCOTORUIvL
1152 263 1242 296 LIB.
1266 264 1380 296 XVII.
1650 267 1714 300 ³99

332 358 452 403 crilegi
481 356 659 402 dogmatis
687 356 782 399 apud
807 360 982 391 nostrates
1007 356 1196 401 professor,
1221 358 1265 391 de
1286 368 1358 402 quo
1382 356 1449 391 hoc
1474 359 1710 399 memorabile,

333 416 448 459 ipsum
472 412 726 457 conjurationis
750 413 789 445 in
811 411 1034 447 Cardinalem
1061 413 1253 447 Betonium
1277 414 1388 448 initae
1412 415 1590 448 conscium
1615 421 1712 449 ante-

331 481 437 515 quam
464 468 828 513 comprehenderetur,
855 472 890 502 et
915 480 996 502 cum
1022 470 1098 515 igni
1123 470 1283 504 addictus
1307 469 1446 510 fuisset,
1472 475 1509 505 et
1525 471 1711 506 cardinalis

330 539 348 561 e
365 527 520 561 fenestra
536 525 687 559 cubiculi
705 525 760 559 sui
778 526 882 559 anxie
900 530 1130 570 exspectaret,
1148 527 1336 560 auditurus
1354 537 1399 560 an
1418 527 1462 560 ad
1486 527 1614 562 bonam
1638 528 1713 562 fru-

330 594 422 630 gem,
441 583 518 616 viso
535 583 628 628 igne,
646 582 760 615 redire
778 583 894 622 vellet,
921 583 991 623 ille,
1009 582 1186 617 Sathanae
1203 583 1333 627 spiritu
1349 584 1486 628 plenus,
1506 590 1711 630 arroganter

331 641 519 674 sustollens
535 640 667 678 oculos,
686 643 707 658 “
722 638 765 672 In
783 639 844 672 illa
860 639 969 683 ipsa,’'
987 640 1116 684 inquit,
1134 644 1155 659 “
1169 639 1324 674 fenestra
1344 651 1416 684 qua
1431 645 1582 675 mortem
1600 653 1714 676 meam

330 703 476 742 spectas,
495 707 626 741 poenas
644 696 795 730 violatae
821 696 983 742 religioni
1010 697 1109 730 brevi
1134 697 1241 730 lues.”
1293 696 1389 731 Hinc
1414 698 1538 732 insana
1559 697 1712 732 haeresis

331 766 416 788 ausa
430 759 482 788 est
496 753 725 792 comminisci,
739 752 947 787 furciferum
961 754 1072 793 illum,
1087 754 1281 787 intentatae
1295 755 1409 788 caedis
1424 755 1643 799 participem,
1660 756 1713 789 di-

333 812 416 845 vino
442 811 572 855 spiritu
596 810 681 843 haec
706 810 861 850 dixisse3
885 811 935 844 sic
960 821 1043 844 sane
1066 811 1124 850 sit,
1151 815 1185 844 et
1210 811 1405 854 perduelles
1430 812 1608 856 improbos
1633 823 1713 857 pro·

303 866 307 870 ’
332 869 456 912 phetas
473 878 567 901 nova
584 866 712 901 habeat
729 867 882 901 ecclesia.
924 866 994 900 Hic
1007 877 1091 901 vero
1105 878 1185 901 cum
1202 868 1301 901 nulla
1319 868 1527 902 eruditionis
1545 869 1711 910 tinctura,

331 926 391 958 sed
421 929 561 958 tantum
590 924 788 967 impudenti
817 924 998 967 loquentia
1028 925 1249 968 applausum,
1270 925 1348 969 jam
1373 935 1557 968 procerum
1583 926 1711 960 animis

332 981 495 1015 ecclesiae
519 981 621 1014 bonis
646 980 907 1019 insidiantibus,
933 985 1074 1024 captare
1099 986 1153 1014 est
1178 981 1299 1021 visus;
1326 985 1362 1015 et
1379 992 1460 1015 cum
1477 982 1522 1015 ad
1538 981 1713 1017 Joannem
1763 1026 1768 1031 .

332 1038 540 1072 Coburnum
556 1040 682 1070 octavo
701 1035 924 1082 Edimburgo
946 1037 1090 1070 milliari
1113 1037 1326 1077 divertisset,
1350 1049 1372 1072 a
1396 1037 1535 1072 Davide
1559 1039 1711 1074 Betonio

330 1094 506 1128 cardinale
546 1098 648 1127 nocte
693 1093 904 1137 intempesta
947 1098 1137 1133 extractus,
1176 1098 1298 1128 sancto
1344 1094 1456 1128 officio
1497 1094 1713 1140 Andreapoli

330 1152 495 1191 traditus,
535 1161 575 1184 ac
613 1151 658 1183 ad
695 1151 816 1193 palum
853 1151 1035 1195 religatus,
1069 1151 1244 1185 renitente
1277 1162 1436 1197 prorege,
1477 1152 1563 1196 ipsis
1601 1154 1714 1186 calen-

331 1209 385 1242 dis
414 1207 607 1246 Januariis,
639 1207 721 1240 boni
750 1207 878 1241 ominis
909 1218 1003 1252 ergo,
1032 1207 1225 1251 impietatis
1257 1219 1296 1241 ac
1329 1209 1466 1242 sceleris
1496 1220 1626 1254 poenas
1657 1209 1714 1242 de-

331 1266 385 1299 dit
400 1266 525 1299 ultrice
542 1263 695 1304 flamma,
713 1264 905 1298 secundum
923 1275 1039 1298 sacros
1063 1274 1212 1298 canones
1235 1270 1487 1309 consumptus3
1514 1270 1594 1310 post
1612 1267 1713 1312 cujus

332 1322 543 1366 supplicium
566 1321 763 1355 Lutherani
781 1331 825 1354 ne
842 1332 1000 1355 mussare
1017 1321 1159 1365 quidem
1178 1322 1266 1361 ausi,
1291 1323 1404 1356 multo
1422 1323 1538 1356 minus
1562 1334 1599 1357 se
1621 1334 1714 1357 com-

331 1389 484 1418 movere,
514 1379 624 1412 donec
653 1377 827 1412 Sathanas
855 1388 936 1411 suos
963 1389 984 1411 a
1013 1377 1162 1411 Calvino
1191 1382 1350 1422 satrapas
1380 1378 1594 1420 immisisset,
1620 1385 1712 1415 certe

333 1436 502 1470 hactenus
533 1435 700 1479 prudenti
727 1434 914 1468 cardinalis
940 1445 1025 1468 cura
1049 1435 1218 1468 securitas
1244 1434 1400 1469 Scoticae
1424 1436 1586 1470 ecclesiae
1610 1442 1713 1481 parta

333 1492 486 1526 videtur.
550 1491 738 1525 Nefarium
768 1491 863 1524 hunc
892 1491 1108 1525 haereticum
1137 1490 1290 1525 Jacobus
1319 1491 1508 1538 Augustus
1538 1493 1712 1528 Thuanus

332 1549 438 1583 nimis
455 1553 616 1583 amanter
633 1553 762 1582 tractat
779 1548 839 1582 lib.
861 1557 921 1582 111.
946 1547 1196 1583 Historia-'et
1218 1549 1326 1582 nolim
1351 1549 1480 1593 perditi
1497 1550 1642 1595 Deoque
1659 1552 1713 1584 in-

335 1606 401 1640 visi
420 1617 463 1640 ex
480 1605 574 1640 faece
591 1604 702 1649 plebis
720 1605 966 1639 homuncionis
992 1605 1110 1638 virum
1137 1605 1370 1646 Catholicum,
1398 1616 1438 1639 ac
1458 1610 1577 1641 tantae
1598 1608 1712 1653 digni-

334 1663 430 1702 tatis,
456 1667 579 1696 contra
602 1662 638 1695 S.
657 1661 702 1696 R.
721 1662 767 1696 E.
785 1662 998 1696 cardinalem
1021 1662 1256 1706 patrocinium
1278 1663 1465 1707 suscipere.
1519 1663 1711 1709 Scripserat

335 1721 392 1753 ille
409 1719 566 1753 tenebrio

483 1775 659 1809 Themata
676 1775 776 1809 Fidei
794 1782 915 1809 contra
932 1775 1146 1815 Quintinum
1163 1774 1386 1809 Kennedium
1436 1777 1496 1810 lib.
1516 1786 1540 1810 Ι.

480 1832 533 1866 De
551 1832 669 1866 Coena
685 1832 830 1866 Domini
848 1843 892 1865 ex
910 1832 1069 1866 Luthero
1435 1833 1495 1867 lib.
1515 1843 1539 1866 Ι.

386 1889 496 1923 Ustus
514 1894 578 1928 est,
597 1890 748 1923 violatae
765 1889 927 1934 religioni
945 1899 1073 1933 poenas
1090 1888 1198 1927 dedit,
1216 1899 1308 1922 anno
1330 1897 1525 1923 MDXLvn.

693 2002 716 2034 J
719 2001 857 2036 OANN
864 2001 923 2035 Es
948 2001 1198 2035 STEUART.
1252 2003 1357 2036 1083.
1475 2028 1477 2030 -

337 2116 360 2150 J
364 2124 527 2150 OANNES
570 2115 713 2149 Steuart
754 2115 872 2149 literas
914 2115 1138 2149 humaniores
1180 2127 1220 2149 ac
1256 2116 1514 2161 philosophiam
1547 2117 1711 2153 Lutetiae

338 2183 476 2207 summa
516 2172 650 2217 ingenii
695 2171 895 2217 celebritate
936 2178 990 2206 est
1034 2171 1222 2216 professus,
1271 2173 1467 2217 praefectus
1514 2173 1711 2220 Collegium

340 2229 570 2263 Montisacuti
614 2228 716 2268 rexit,
766 2227 883 2272 ibique
931 2228 1030 2268 obiit,
1077 2228 1201 2274 legatis
1244 2234 1454 2264 testamento
1498 2231 1710 2275 pauperibus
