2060 2848
665 308 842 341 GENTIS
865 308 1140 347 SCOTORUM,
1163 309 1252 341 LIB.
1277 309 1359 341 XII.
1645 310 1708 342 475

327 404 438 449 gelico
463 414 544 437 vere
569 402 642 436 ritu
667 414 704 436 se
728 413 864 449 gerens,
891 403 1097 447 symmystis
1123 403 1236 436 instar
1261 402 1423 437 miraculi
1447 401 1528 437 fuit.
1579 402 1705 447 Nuper

328 471 407 494 cum
426 460 592 494 Hirlandi
610 461 704 504 apud
725 471 861 493 sacram
886 459 929 493 de
954 460 1183 505 propaganda
1207 459 1274 493 fide
1300 460 1607 505 congregationem
1634 460 1706 494 Ro-

327 527 404 550 mae
433 517 589 550 libellum
619 517 840 556 obtulissent,
870 521 912 550 ut
937 516 1016 560 ipsi,
1043 516 1156 550 Scotis
1182 517 1345 556 exclusis,
1374 517 1412 550 in
1442 516 1595 551 Scotiam
1625 528 1707 550 auc-

326 574 470 607 toritate
508 575 699 618 apostolica
740 574 978 612 mitterentur,
1020 574 1269 608 contendentes
1312 573 1434 608 Scotos
1477 586 1518 608 eo
1560 585 1706 607 munere

326 630 502 676 indignos,
520 631 588 671 hic,
607 632 685 666 aliis
703 631 984 671 conniventibus,
1002 642 1127 665 causae
1144 642 1216 665 non
1241 630 1366 671 defuit,
1393 632 1454 665 sed
1481 632 1575 665 solus
1602 631 1709 664 evicit

326 692 366 721 ut
383 687 520 723 Scotiae
536 689 650 723 honor
667 700 752 723 suus
769 693 956 729 constaret,
985 699 1024 722 ac
1045 689 1133 722 viles
1160 688 1327 723 Hirlandi
1353 690 1617 734 repellerentur,
1643 695 1708 722 nec

325 746 485 780 doctrina
510 758 573 780 nec
598 747 767 792 religione
788 757 900 790 pares,
928 746 1023 790 quod
1049 745 1084 779 S.
1103 745 1149 780 D.
1169 745 1217 780 N.
1235 746 1373 781 Urbani
1399 746 1506 782 VIII.
1533 745 1709 780 sententia

326 803 454 837 visum.
506 803 655 848 Scripsit

475 860 652 894 Libellum
670 861 863 905 supplicem
880 871 945 904 pro
964 859 1136 894 Missione
1153 860 1269 904 patria
1404 861 1465 894 lib.
1486 870 1513 895 1.

475 917 669 952 Conciones
687 918 938 951 disertissimas
1206 953 1208 955 ,
1407 918 1468 952 lib.
1488 928 1512 952 1.

379 974 540 1009 Transiit
557 974 720 1009 Bononia
737 975 803 1008 hoc
820 975 897 1018 ipso
916 986 1009 1009 anno
1028 983 1220 1009 MDCXXV.

546 1087 872 1122 ALEXANDER
896 1088 1353 1123 MONTGOMERICUS.
1406 1091 1488 1127 901.

328 1203 598 1238 ALEXANDER
616 1203 930 1249 Montgomericus‚
948 1203 1136 1237 canonicus
1154 1202 1415 1244 Lateranensis,
1441 1204 1549 1239 abbas
1567 1204 1602 1238 S.
1625 1203 1714 1239 Cru-

330 1262 379 1296 cis
414 1261 481 1295 sub
515 1261 639 1294 Monte
669 1260 853 1301 Doloroso,
884 1260 1025 1295 furente
1054 1260 1092 1293 in
1122 1259 1300 1294 Scoticum
1329 1272 1458 1295 nomen
1487 1261 1658 1296 Eduardo
1685 1262 1713 1296 I.

330 1319 460 1365 Anglo,
489 1318 627 1352 decreto
652 1318 804 1362 publico,
827 1329 898 1352 non
926 1319 1042 1352 solum
1069 1318 1285 1352 monasterio
1314 1329 1390 1359 suo,
1418 1320 1479 1353 sed
1504 1324 1580 1354 toto
1605 1331 1715 1366 regno

331 1376 545 1415 eliminatus,
589 1379 624 1408 et
662 1386 742 1408 cum
776 1375 964 1420 juberetur
1001 1375 1039 1408 in
1073 1374 1244 1420 Angliam
1287 1376 1453 1422 migrare,
1496 1376 1637 1423 aufugit
1678 1378 1716 1412 in

332 1432 487 1473 Gallias;
511 1433 572 1466 sed
590 1443 669 1466 cum
688 1432 866 1467 Robertus
885 1432 1048 1472 Brusius,
1067 1431 1252 1467 Scotorum
1272 1431 1552 1477 Epaminondas,
1563 1433 1717 1480 Angliae

330 1501 448 1535 regem
474 1490 622 1524 stataria
647 1490 692 1523 ad
717 1489 956 1523 Bannocburn
982 1490 1055 1524 acie
1084 1488 1309 1535 profligasset
1340 1499 1377 1524 L.
1409 1491 1566 1526 millibus
1596 1492 1715 1532 caesis,

331 1547 437 1581 rediit
454 1547 511 1580 hic
529 1547 572 1580 ad
590 1557 684 1586 suos,
702 1551 737 1580 et
755 1547 906 1590 scripsit,
925 1558 1041 1587 versu,

477 1603 690 1638 Encomium
708 1603 856 1637 Roberti
874 1603 984 1650 Regis
1266 1604 1326 1639 lib.
1347 1613 1371 1638 1.

379 1661 562 1696 Scribebat
579 1672 671 1695 anno
690 1670 887 1695 mcccxw.

710 1774 919 1810 MARCUS
944 1775 1217 1811 MOUBRAY.
1268 1779 1351 1815 902.

334 1892 505 1926 MARCUS
523 1890 701 1934 Moubray
718 1889 857 1929 Scotus‚
875 1891 1076 1924 adolescens
1096 1891 1225 1934 probae
1243 1892 1382 1932 indolis,
1396 1892 1433 1925 in
1447 1893 1563 1936 patria
1576 1904 1719 1939 magno-

333 1959 412 1982 rum
443 1948 643 1981 studiorum
673 1944 905 1980 fundamenta
934 1947 1032 1992 jecit,
1063 1948 1100 1981 in
1132 1947 1273 1982 Italiam
1302 1949 1430 1982 deinde
1460 1950 1648 1990 descendit,
1679 1963 1718 1985 ac

332 2005 492 2039 lustratis
523 2004 771 2037 celebrioribus
803 2004 950 2038 urbibus
981 2005 1273 2039 venustissimum
1309 2006 1492 2039 literarum
1523 2009 1720 2052 emporium

333 2062 532 2096 Bononiam
551 2061 683 2106 delegit
704 2061 771 2094 sibi
798 2062 927 2101 sedem,
950 2061 1011 2095 ubi
1038 2062 1130 2095 serio
1150 2062 1225 2107 juri
1253 2062 1350 2096 civili
1376 2063 1548 2104 incubuit,
1579 2065 1721 2099 auditor

333 2119 496 2159 Saliceti3
517 2118 701 2152 familiaris
720 2118 901 2152 Cardinali
920 2118 1080 2159 Brutiae,
1098 2119 1196 2153 brevi
1214 2120 1253 2152 in
1271 2130 1442 2165 magnum
1460 2121 1573 2155 evasit
1590 2122 1718 2162 virum,

333 2178 378 2211 ad
401 2176 577 2221 publicam
606 2175 860 2219 professionem
891 2176 1025 2221 ingenii
1052 2176 1107 2209 sui
1134 2176 1260 2210 merito
1291 2181 1448 2211 vocatus.
1500 2177 1659 2223 Scripsit,
1685 2184 1720 2214 et

332 2234 445 2269 eidem
463 2233 645 2272 cardinali,
665 2232 861 2266 Maecenati
880 2244 954 2272 suo,
975 2233 1154 2278 inscripsit

481 2290 651 2324 Lecturas
670 2290 708 2323 in
725 2289 761 2323 ff.
781 2294 884 2323 vetus
1272 2290 1333 2325 lib.
1354 2300 1378 2325 1.

380 2347 535 2382 Vivebat
552 2358 644 2381 anno
664 2355 908 2381 mcchxxn.
