2060 2848
401 327 487 358 518*
795 329 1028 364 HISTORIA
1052 330 1426 366 ECCLESIASTICA

404 429 462 457 tus
481 427 535 457 est
552 423 747 469 episcopus,
766 430 802 459 et
819 425 864 459 ad
881 424 1004 462 Scotos
1022 426 1067 461 ab
1084 427 1207 462 eodem
1226 426 1357 464 missus
1374 432 1428 464 est
1446 428 1685 466 Coelestin0.”
1727 430 1801 466 Ne·

405 490 464 514 mo
494 486 587 516 certe
618 482 768 517 tradidit
799 487 962 517 veterum
980 482 1182 520 Palladium
1207 485 1253 520 ad
1278 484 1507 522 Britanniam
1532 487 1690 531 primum
1716 489 1802 524 mis·

404 548 496 578 sum,
514 538 641 573 deinde
658 539 704 574 ad
720 538 877 574 scotiam
893 550 902 580 ;
930 551 1040 584 quare
1053 547 1149 576 errat
1162 541 1363 578 Ciaconius.
1399 543 1450 578 Et
1464 549 1557 588 post,
1570 545 1709 590 reliqua
1722 546 1801 591 ejus

404 595 582 639 pontificis
599 607 826 642 persequens,
844 598 999 642 turpiter
1016 598 1137 643 lapsus
1155 603 1231 634 est:
1260 604 1281 620 ‘⁶
1299 598 1345 635 In
1356 599 1587 636 Britanniam
1600 601 1638 637 S.
1653 601 1801 637 Germa-

403 663 491 687 num
518 652 857 689 Altissiodorensem
885 656 1090 700 episcopum
1121 656 1267 701 legavit,
1295 661 1331 691 et
1360 656 1484 692 Scotos
1514 659 1559 693 ad
1593 658 1699 694 fidem
1737 671 1801 705 per

405 710 606 746 Palladium
617 712 806 751 convertit,
820 711 1008 747 Scotorum
1019 711 1185 757 Apostoli
1197 724 1326 748 nomen
1341 719 1581 759 consequutus
1595 717 1684 752 est.”
1715 716 1751 751 N
1752 728 1799 752 on

404 767 626 803 Coelestinus
642 768 830 804 Scotorum
847 767 1045 813 Apostolus
1062 769 1191 811 dictus,
1210 771 1307 815 quod
1324 771 1440 806 voluit
1458 771 1612 814 Platina,
1636 774 1698 809 sed
1723 775 1800 819 ipse

404 824 598 860 Palladius.

452 881 567 916 Gente
583 882 694 917 fuisse
711 882 929 917 Britannum
948 882 1126 918 affirmant
1143 884 1289 929 quidam
1308 885 1439 921 eruditi
1452 899 1462 926 ;
1477 886 1516 920 in
1533 886 1590 921 his
1602 886 1692 923 Ant.
1712 887 1800 923 Pos-

402 940 514 974 sevin.
542 944 628 974 tom.
654 948 715 974 111.
741 939 918 984 Apparat.
938 952 1020 986 pag.
1041 949 1094 975 IV.
1114 942 1175 976 sed
1192 942 1282 977 mihi
1300 953 1373 978 non
1389 943 1515 989 liquet.
1566 943 1627 979 Ad
1653 956 1735 980 eum
1761 946 1798 981 S.

403 997 579 1042 Cyrillum
609 997 898 1033 Alexandrinum
933 1009 1015 1033 suos
1049 999 1093 1033 de
1121 998 1345 1036 Adoratione
1374 1000 1659 1037 Commentarios
1690 1004 1800 1048 scrip-

401 1055 488 1089 sisse
518 1056 656 1095 volunt‚
687 1060 723 1089 et
749 1055 964 1090 cardinalem
995 1055 1143 1096 factum,
1173 1060 1215 1090 ut
1239 1056 1370 1103 majori
1396 1057 1610 1093 auctoritate
1636 1059 1799 1094 ecclesias

402 1117 552 1158 regeret.
587 1112 826 1146 Doctissimus
842 1113 1021 1147 Baronius
1034 1118 1121 1148 tom.
1137 1122 1174 1147 V.
1188 1112 1321 1147 Annal.
1338 1113 1477 1148 Probus
1490 1114 1529 1148 in
1544 1114 1663 1150 Gestis
1677 1116 1714 1150 S.
1730 1116 1799 1151 Pa-

402 1170 508 1210 tricii,
535 1175 660 1204 auctor
681 1174 858 1210 vetustus,
885 1175 992 1217 gente
1016 1170 1154 1212 Scotus,
1180 1170 1242 1205 sed
1267 1171 1496 1206 librariorum
1523 1176 1587 1207 aut
1610 1183 1797 1218 perperam

402 1228 581 1262 utentium
598 1227 688 1261 vitio
705 1232 905 1272 corruptus.
943 1228 1098 1273 Prosper
1114 1228 1355 1274 Aquitanicus
1372 1228 1411 1264 in
1428 1228 1628 1265 Chronico:
1651 1231 1799 1267 “Basso

401 1289 437 1319 et
462 1284 644 1319 Antiocho
669 1295 759 1319 coss.
787 1290 1005 1331 congregata
1030 1286 1126 1330 apud
1151 1286 1339 1331 Ephesum
1367 1287 1450 1332 plus
1479 1287 1715 1323 ducentorum
1741 1300 1801 1334 sy-

399 1342 493 1376 nodo
510 1343 744 1383 sacerdotum,
763 1342 954 1377 Nestorius
972 1354 1053 1378 cum
1070 1343 1208 1379 haeresi
1230 1344 1386 1379 nominis
1411 1344 1479 1385 sui,
1506 1350 1542 1379 et
1566 1356 1649 1380 cum
1673 1347 1799 1381 multis

400 1400 602 1446 Pelagianis
620 1400 682 1445 qui
700 1404 893 1446 cognatum
910 1400 980 1435 sibi
999 1400 1129 1447 dogma
1143 1399 1334 1445 juvabant,
1352 1400 1554 1436 damnatus.
1597 1400 1658 1436 Ad
1675 1400 1799 1437 scotos

399 1458 437 1491 in
455 1457 640 1492 Christum
658 1458 840 1492 credentes
858 1457 1049 1493 ordinatur
1064 1469 1087 1492 a
1105 1457 1205 1502 Papa
1223 1456 1425 1492 Coelestino
1443 1457 1638 1500 Palladius,
1664 1463 1701 1494 et
1726 1460 1798 1505 pri-

399 1527 479 1550 mus
508 1516 694 1560 episcopus
724 1514 920 1551 mittitur.'’
982 1514 1085 1562 Ergo
1115 1513 1303 1560 Ephesina
1336 1515 1459 1550 eodem
1493 1526 1588 1550 anno
1620 1517 1797 1562 generalis

400 1574 557 1618 synodus
582 1573 716 1613 habita,
740 1572 948 1608 Nestoriani
974 1573 1147 1613 damnati,
1173 1576 1211 1607 et
1234 1572 1282 1607 ad
1307 1570 1432 1607 Scotos
1450 1571 1634 1607 Palladius
1652 1574 1796 1615 missus,

399 1641 470 1675 quo
488 1630 623 1664 Bassus
640 1635 675 1664 et
693 1629 897 1665 Antiochus
914 1641 1003 1665 eosS.
1021 1630 1089 1665 hoc
1105 1633 1170 1670 est,
1192 1637 1417 1663 ccccxmx.
1469 1629 1588 1669 Quam
1614 1634 1798 1666 strenuam

402 1699 486 1722 vero
509 1699 652 1733 operam
678 1688 866 1722 navaverit
894 1687 1175 1734 exstinguendae
1202 1686 1417 1732 Pelagianae
1431 1687 1530 1732 *apud
1554 1687 1678 1723 scotos
1704 1689 1797 1733 pesti
1865 1725 1868 1728 ,

402 1745 594 1785 Palladius,
612 1757 656 1779 ex
674 1746 795 1779 eodem
813 1746 926 1790 liquet
943 1745 1121 1790 Prospero
1138 1745 1178 1779 in
1196 1744 1374 1780 Chronico
1397 1744 1542 1780 biennio
1559 1749 1641 1780 ante
1658 1745 1698 1780 in
1715 1757 1797 1782 con-

401 1803 521 1837 sulatu
539 1802 714 1837 Florentii
732 1807 768 1837 et
793 1802 972 1848 Dionysii,
999 1807 1035 1837 et
1060 1803 1230 1837 adversus
1255 1802 1460 1836 collatorem
1484 1802 1524 1837 in
1549 1802 1629 1837 fine.
1678 1802 1797 1838 Paene

400 1861 652 1905 praeterieram
683 1860 875 1906 Freculphi
904 1860 1139 1895 Lexoviensis
1168 1859 1322 1904 episcopi
1353 1859 1602 1894 auctoritatem
1632 1864 1719 1895 tom.
1751 1870 1795 1896 11.

401 1918 607 1953 Chronicor.
626 1919 688 1953 lib.
702 1927 740 1952 v.
757 1930 834 1963 cap.
854 1927 979 1953 xxln.
1005 1923 1029 1938 ‘⁶
1047 1917 1152 1952 Tunc
1169 1916 1334 1961 equidem
1351 1916 1396 1950 ad
1414 1915 1536 1952 Scotos
1554 1917 1593 1951 in
1610 1917 1796 1953 Christum

400 1977 580 2011 credentes
599 1977 784 2011 ordinatus
805 1988 828 2010 a
852 1975 953 2021 Papa
978 1975 1180 2010 Coelestino
1207 1973 1396 2009 Palladeus
1420 1982 1446 2009 1.
1473 1974 1658 2019 episcopus
1684 1975 1796 2011 mitti-

400 2039 460 2068 tur
471 2033 505 2075 ;”
523 2039 689 2079 corrupte
705 2045 791 2069 sane
807 2045 874 2079 pro
887 2031 1096 2073 Palladius,
1113 2036 1156 2067 ut
1173 2032 1341 2077 pleraque
1358 2042 1401 2065 ea
1417 2032 1564 2077 propria
1575 2031 1614 2067 in
1627 2044 1670 2067 eo
1686 2033 1796 2078 scrip-

402 2096 477 2126 tore
494 2092 678 2133 vocabula,
702 2103 775 2137 quo
800 2092 921 2126 nullus
947 2092 1042 2126 inter
1071 2094 1210 2125 veteres
1234 2088 1463 2124 librariorum
1488 2089 1628 2125 incuria
1653 2090 1795 2126 mendo-

401 2150 483 2190 sior,
502 2154 565 2183 aut
583 2149 871 2194 transcriptionis
890 2148 1121 2195 negligentia.

447 2206 557 2240 Hunc
586 2207 754 2253 religiosa
784 2207 1001 2241 nostratium
1028 2205 1202 2241 successio
1227 2215 1368 2250 semper
1392 2209 1436 2239 ut
1460 2205 1584 2239 divum
1610 2205 1731 2246 coluit,
1758 2211 1795 2240 et

399 2263 568 2308 reliquiae
585 2264 662 2309 ejus
680 2275 811 2310 magno
828 2264 972 2309 pietatis
990 2263 1120 2298 affectu
1137 2263 1344 2298 colebantur
1361 2262 1523 2297 Forduni
1541 2262 1672 2307 oppido
1697 2262 1795 2297 Mer-

398 2321 490 2360 niae,
507 2325 550 2355 ut
566 2332 675 2365 supra
696 2322 832 2362 monui,
857 2326 892 2356 et
915 2320 1101 2356 confirmat
1125 2320 1293 2365 Polydor.
1312 2319 1416 2366 Virg.
1434 2319 1495 2354 lib.
1515 2328 1541 2353 Ι.
1566 2319 1662 2354 Hist.
1681 2320 1793 2366 Angl-

397 2388 480 2424 pag.
494 2386 549 2411 VI.
568 2384 604 2412 et
620 2383 740 2412 tamen
757 2390 804 2413 an
823 2379 931 2413 tacito
949 2378 1109 2424 gentium
1129 2378 1272 2412 illorum
1287 2387 1460 2412 consensu
1471 2376 1510 2411 in
1524 2377 1691 2412 divorum
1705 2378 1794 2412 rela-

399 2440 456 2470 tus
472 2434 583 2470 fuerit
600 2445 800 2478 numerum,
820 2447 866 2470 an
889 2435 936 2470 ab
959 2435 1081 2480 aliquo
1106 2434 1283 2480 pontifice.
1309 2445 1373 2471 nec
1390 2434 1536 2470 annales
1553 2435 1679 2476 nostri,
1696 2434 1791 2480 quod
