2060 2848
685 278 861 311 GENTIS
885 278 1160 318 SCOTORUM,
1186 279 1275 312 LIB.
1298 280 1399 312 XIX.
1674 282 1738 315 649

352 379 373 394 ‘⁶
387 373 572 418 Depositio
589 372 624 406 S.
640 372 824 406 Maurouti
839 371 987 413 abbatis,
1002 374 1103 419 cujus
1117 373 1306 420 suffragiis,
1321 374 1351 408 si
1365 373 1409 407 ad
1422 373 1646 418 sepulchrum
1658 375 1734 421 ejus

350 431 482 465 fuerint
500 429 607 463 delati
626 429 734 462 variis
751 429 983 474 languoribus
1006 430 1153 476 aegroti,
1176 441 1280 464 verae
1304 430 1479 474 recipiunt
1502 431 1659 474 praemia
1682 443 1736 466 so-

349 486 512 531 spitatis3
540 486 596 520 cui
614 496 712 520 sacer
728 486 869 529 praesul
886 484 1051 526 Amatus,
1069 497 1110 520 eo
1129 490 1286 530 tempore
1308 497 1379 530 quo
1405 485 1648 521 Theodoricus
1673 499 1735 522 rex

350 542 576 588 tyrannidem
611 541 806 581 exercebat,
841 546 921 586 post
957 553 1137 577 excessum
1172 542 1276 576 Beati
1305 542 1430 577 Ultani
1460 543 1597 577 abbatis
1627 544 1736 578 tradi-

350 605 409 634 tus
427 599 496 633 fuit
514 599 552 633 in
569 599 798 633 custodiam.’'
839 598 962 634 Abbas
976 599 1046 634 fuit
1060 599 1243 633 Fossensis
1257 599 1295 633 in
1309 598 1426 634 Gallia
1439 599 1593 646 Belgica.
1638 600 1736 635 Idem

350 657 517 691 Molanus
543 656 580 690 in
597 656 822 690 Additionib.
841 656 886 690 ad
904 665 1024 690 xxxx.
1048 656 1174 691 Octob.
1202 661 1224 676 “
1241 656 1363 691 Fossis
1382 657 1511 691 natalis
1530 656 1565 691 S.
1585 657 1736 692 Foillani

350 715 515 759 episcopi,
533 713 595 758 qui
613 713 656 747 de
682 712 857 748 Hibernia
880 714 990 753 venit,
1017 712 1186 757 (Scotiam
1205 713 1319 747 dicere
1336 713 1469 754 debuit,
1490 718 1532 748 ut
1547 714 1735 759 probatum

351 772 489 806 abunde
506 771 566 805 lib.
586 779 640 804 VI.
659 771 793 815 supra,)
820 771 865 804 ad
883 769 1055 804 Ultanum
1074 781 1283 817 germanum
1302 781 1418 810 suum,
1442 771 1504 815 qui
1527 770 1736 806 Fossensem

351 829 495 875 regebat
512 827 724 862 ecclesiam.''
767 827 867 862 Beda
884 827 945 862 lib.
964 836 1024 861 111.
1045 826 1182 861 Histor.
1198 826 1402 861 Ecclesiast.
1418 826 1522 862 Gent.
1536 827 1646 874 Angl.
1662 839 1735 873 cap.

352 895 440 920 xlx.
460 890 481 905 ‘⁸
501 884 640 919 Habuit
658 883 836 919 Fursaeus
856 885 966 919 alium
980 884 1127 919 fratrem
1141 884 1311 919 vocabulo
1324 884 1509 925 Ultanum,
1524 885 1585 929 qui
1603 885 1646 919 de
1663 897 1737 920 mo-

351 943 496 977 nasterii
514 941 721 986 probatione
738 941 908 976 diuturna
927 942 971 975 ad
989 941 1204 976 eremiticam
1223 941 1334 975 vitam
1352 942 1591 986 pervenerat.’‘
1644 942 1737 977 Scri—

351 1005 414 1044 pta
434 999 510 1044 ejus
534 999 610 1033 vita
632 1002 731 1032 extat
756 998 894 1032 erudite
919 997 997 1032 MS.
1024 998 1074 1032 ait
1100 998 1279 1038 Molanus,
1306 1002 1342 1032 et
1367 998 1411 1032 ad
1437 998 1472 1032 S.
1499 998 1652 1033 Foillani
1679 1010 1738 1033 ex-

352 1061 409 1090 tra
426 1055 607 1089 Rhodium
625 1058 726 1100 gesta
743 1054 820 1099 ejus
837 1059 933 1094 sunt,
959 1054 1099 1098 scriptis
1122 1055 1290 1089 mandata
1311 1066 1374 1099 per
1397 1054 1574 1089 Hillvium
1598 1056 1643 1090 ad
1666 1068 1738 1091 ma·

351 1113 504 1158 gistrum
531 1111 778 1158 Sigebertum3
805 1122 907 1156 quae,
935 1122 1015 1145 cum
1041 1111 1196 1145 carmine
1223 1112 1431 1157 consignata
1453 1117 1580 1152 essent,
1606 1124 1739 1158 anony-

353 1180 432 1203 mus
455 1169 600 1213 quidam
624 1168 661 1202 in
683 1179 824 1213 prosam
848 1168 968 1202 vertit.
1019 1167 1213 1202 Auctorem
1239 1179 1276 1202 se
1300 1167 1458 1203 Hillvius
1484 1169 1663 1215 ingeniose
1689 1169 1738 1204 fa-

354 1231 471 1260 tetur:

656 1322 714 1351 His
727 1322 768 1351 ita
781 1321 920 1351 litterulis
933 1321 1005 1352 libet
1019 1322 1165 1352 insinuare
1178 1323 1286 1352 notatis

654 1369 756 1398 Veraci
770 1369 872 1408 specie,
886 1379 943 1408 quo
956 1369 1070 1398 nomine
1083 1375 1198 1399 censeat
1210 1370 1280 1408 ipse,

655 1416 685 1445 Si
699 1416 805 1455 primos
818 1416 912 1455 apices
926 1426 961 1445 ex
975 1416 1105 1455 partibus
1119 1422 1181 1446 octo
1194 1421 1340 1446 retractes.

404 1514 466 1549 An
491 1513 625 1559 aliquid
651 1514 842 1558 scripserit,
872 1524 944 1548 non
971 1513 1167 1556 observavi,
1193 1524 1257 1548 nec
1281 1518 1368 1559 puto
1394 1518 1513 1548 extare
1538 1515 1737 1560 quicquam.

355 1572 472 1607 Natus
491 1576 544 1606 est
563 1582 656 1606 anno
675 1579 822 1605 Dxcm.
875 1571 1079 1618 Sigebertus
1097 1582 1138 1606 eo
1156 1582 1260 1606 anno.
1311 1571 1412 1606 Obiit
1428 1582 1521 1607 anno
1539 1580 1674 1606 Dcmv.

755 1685 793 1720 S.
819 1684 1105 1720 VINNIANUS
1130 1684 1176 1720 E.
1229 1683 1335 1720 1166.

356 1802 419 1836 DE
437 1800 567 1835 Sancto
583 1798 765 1834 Vinniano
782 1799 834 1834 ita
858 1798 894 1833 S.
918 1798 1153 1833 Adamannus
1178 1799 1215 1832 in
1232 1798 1319 1833 Vita
1342 1798 1376 1833 S.
1396 1798 1586 1834 Columbae
1611 1799 1671 1833 lib.
1696 1809 1738 1834 11.

357 1869 432 1902 cap.
462 1866 487 1891 1.
516 1862 537 1877 “
561 1856 712 1891 Sanctus
739 1867 823 1890 vero
844 1856 989 1901 juvenis
1012 1867 1083 1889 non
1106 1855 1173 1890 hoc
1196 1855 1348 1896 sibimet,
1374 1856 1435 1889 sed
1458 1855 1494 1889 S.
1521 1856 1740 1891 adscribebat

356 1915 539 1949 Vinniano
569 1914 763 1958 episcopo.”
813 1913 888 1947 Nec
912 1913 1099 1957 quicquam
1126 1912 1169 1946 de
1194 1923 1235 1946 eo
1260 1912 1411 1956 amplius
1441 1913 1585 1946 memini
1611 1924 1666 1946 me
1691 1913 1738 1947 le·

357 1983 451 2018 gere,
478 1982 541 2005 nec
564 1971 620 2005 cui
639 1970 802 2005 ecclesiae
819 1969 1013 2015 praefuerit
1036 1969 1260 2013 deprehendi,
1286 1980 1349 2003 nec
1374 1980 1419 2003 an
1441 1969 1620 2013 scripserit
1643 1970 1738 2014 quic-

358 2040 476 2073 quam,
503 2039 548 2061 an
573 2039 657 2062 vero
680 2028 758 2061 aevi
781 2027 913 2073 injuria
938 2027 1069 2071 scripta
1094 2026 1138 2060 ab
1161 2026 1221 2060 illo
1244 2026 1434 2071 perierint:
1460 2030 1554 2060 certo
1572 2026 1738 2060 constitui

358 2090 474 2130 potest
491 2085 663 2129 templum
681 2085 712 2118 ei
730 2084 929 2129 parochiale
952 2083 1191 2128 antiquissimi
1215 2083 1330 2128 operis
1354 2094 1462 2128 prope
1480 2082 1644 2117 Castrum
1664 2081 1739 2116 Ru-

359 2143 462 2177 brum
480 2153 551 2176 non
568 2142 672 2188 longe
689 2140 902 2175 Abirbrotti.

408 2199 549 2234 Floruit
566 2210 659 2233 anno
678 2206 800 2233 DXCV.

1020 2255 1042 2287 2
1059 2260 1086 2286 U
