2060 2848
653 295 829 329 GE'NTIS
852 294 1128 334 SCOTORUM,
1152 295 1242 328 LIB.
1267 294 1362 327 XVI.
1637 293 1701 326 563

464 390 645 436 Epistolas
670 391 715 424 ad
741 389 957 424 Clementem
983 388 1053 424 111.
1083 399 1190 434 super
1218 388 1336 423 Causa
1363 386 1513 422 Joannis
1530 386 1698 433 Episcopi

512 447 548 481 S.
567 447 731 481 Andreae
1347 445 1408 479 lib.
1428 454 1453 479 1.

367 503 520 541 Vivebat
537 514 631 539 anno
649 511 919 538 Mcnxxan.
972 503 1157 538 Hoveden.
1175 507 1268 548 part.
1287 512 1331 538 11.
1349 514 1431 549 pag.
1451 510 1646 538 cecmux.

767 674 1091 710 RADULPHUS.
1145 673 1251 710 1056.

320 790 572 825 RADULPHUS
605 790 789 835 episcopus
824 789 1004 823 Orcadum
1042 789 1162 824 Scotia
1195 788 1369 836 profugus
1404 788 1450 824 ad
1483 787 1703 834 Stephanum

318 847 471 893 Angliae
494 858 614 893 regem
641 858 678 881 se
703 847 846 891 recepit,
869 846 972 892 cujus
994 846 1141 881 hortatu
1164 846 1202 880 in
1227 845 1461 881 Wilhelmum
1487 845 1625 880 Scotiae
1649 855 1703 879 re·

317 915 396 949 gem
425 915 525 938 arma
549 903 692 950 Anglus
721 904 846 944 movit,
873 908 909 938 et
937 903 983 937 ad
1007 902 1199 937 Alvertum
1226 907 1438 949 pugnatum,
1464 903 1552 938 duce
1578 901 1701 937 eodem

319 960 521 1006 Radulpho,
538 960 728 995 infeliciter
744 972 766 994 a
782 961 914 995 nostris
932 971 1051 995 mense
1068 959 1242 1006 Augusti.
1293 960 1443 1005 Scripsit

471 1018 543 1052 Pro
559 1017 676 1052 Causa
694 1017 865 1062 Stephani
882 1017 993 1063 Regis
1354 1016 1415 1051 lib.
1435 1025 1461 1050 1.

332 1096 337 1099 -
401 1092 407 1099 ⁴
437 1097 439 1100 -
464 1073 525 1109 Ad
543 1074 771 1109 'Drocstinum
788 1072 1108 1119 Archiepiscopum.
1122 1073 1384 1109 Eboracensem
1401 1073 1463 1108 lib.
1482 1082 1508 1107 1.

467 1131 662 1166 Conciones
681 1130 859 1165 Militares
1403 1129 1465 1165 lib.
1485 1137 1511 1163 1.

368 1189 516 1235 Pugnae
533 1200 614 1223 cum
630 1188 780 1233 imperio
797 1187 961 1222 interfuit
977 1199 1070 1222 anno
1089 1195 1317 1222 MCXXXVII.
1363 1186 1548 1222 Hoveden.
1568 1191 1659 1231 part.
1679 1195 1703 1220 1.

318 1257 399 1292 pag.
418 1254 631 1280 ccnxxvn.
681 1244 787 1279 Alius
804 1250 858 1279 est
875 1245 997 1279 eodem
1020 1245 1163 1279 nomine
1190 1244 1295 1286 infra,
1323 1248 1359 1279 et
1385 1244 1507 1279 eadem
1533 1243 1706 1290 dignitate

321 1303 495 1343 laudatus,
514 1303 574 1336 sed
592 1301 683 1336 forte
699 1301 808 1348 hujus
826 1312 1013 1342 successor,
1032 1313 1115 1336 nam
1134 1302 1193 1336 ille
1211 1312 1395 1347 nunquam
1412 1301 1588 1336 admissus
1611 1299 1705 1345 paci-

319 1359 382 1393 fice
402 1360 447 1393 ad
465 1359 628 1393 ecclesiae
649 1370 732 1393 suae
757 1359 927 1404 regimen,
951 1370 1015 1393 nec
1037 1363 1158 1393 tantae
1181 1359 1325 1393 videtur
1348 1358 1459 1394 fuisse
1484 1357 1705 1393 auctoritatis

322 1420 363 1450 ut
383 1415 594 1450 exercitibus
612 1414 821 1461 Anglicanis
839 1419 962 1449 contra
979 1415 1101 1450 Scotos
1118 1415 1325 1460 praefuerit.

743 1528 788 1562 B.
815 1527 1122 1563 RICHARDUS.
1175 1530 1284 1566 1057.

323 1643 367 1678 Β.
385 1643 630 1677 R1c11Annus
648 1642 831 1688 episcopus
849 1641 886 1676 S.
910 1641 1077 1677 Andreae
1101 1642 1309 1678 nominatur
1332 1642 1371 1677 in
1396 1652 1480 1688 pace
1502 1641 1598 1676 finali
1616 1642 1708 1676 inter

322 1699 555 1734 VVilhelmum
573 1698 710 1734 Scotiae
727 1705 763 1734 et
781 1699 978 1734 Henricum
995 1699 1044 1734 11.
1062 1699 1217 1747 Angliae
1235 1711 1335 1747 reges
1353 1699 1449 1745 apud
1474 1698 1705 1734 Hovedenum

323 1761 415 1801 part.
435 1764 461 1790 1.
479 1767 559 1802 pag.
579 1764 715 1790 cccxl.
767 1755 916 1800 Scripsit

471 1812 585 1856 Super
601 1811 625 1845 J
627 1823 690 1846 ure
707 1812 887 1846 Ecclesiae
905 1812 1063 1847 Scoticae
1308 1812 1369 1848 lib.
1390 1821 1416 1846 1.

471 1869 625 1903 Decreta
642 1868 835 1913 Synodalia
1308 1869 1368 1903 lib.
1389 1878 1413 1903 1.

374 1925 525 1960 Sedebat
541 1936 634 1960 anno
654 1933 849 1959 Mcnxxv.

779 2037 1085 2074 RICHARDUS.
1138 2041 1244 2074 1058.

328 2153 571 2188 R1CHARDUS
589 2151 772 2196 episcopus
790 2151 833 2185 de
849 2151 1072 2192 Dunkelden,
1090 2152 1263 2197 superiori
1280 2152 1508 2198 synchronos,
1532 2154 1569 2190 in
1587 2155 1706 2190 eodem

328 2208 466 2244 foedere
483 2208 698 2247 nominatus,
715 2208 869 2252 scripsit,
888 2213 928 2242 ut
946 2213 1000 2242 est
1016 2209 1111 2253 apud
1129 2209 1348 2251 Fordunum,

474 2264 545 2299 Pro
562 2264 757 2299 Concordia
774 2264 988 2299 Eboracensi
1310 2266 1371 2302 lib.
1390 2275 1415 2301 1.

379 2320 478 2356 Sedit
495 2332 588 2357 anuo
608 2329 829 2356 MCLXXXV.
882 2320 1065 2358 Hoveden.
1084 2323 1225 2358 ibidem.
