2060 2848
665 325 841 359 GENTIS
866 324 1144 363 SCOTORUM,
1168 324 1257 357 LIB.
1282 325 1360 357 XV.
1644 325 1708 357 ⁵23

313 423 471 468 juniore.
521 419 695 455 Eri-atum
713 419 782 453 erit
797 419 912 465 igitur
928 423 970 452 ut
987 418 1106 452 minus
1129 422 1272 453 centum
1298 419 1401 454 annis
1425 419 1523 453 totis.
1574 418 1641 452 Sed
1661 419 1706 453 ad

319 480 355 514 S.
374 477 572 512 Patricium
590 476 706 516 redeo,
719 487 837 520 quem,
855 475 924 510 sibi
941 475 1151 516 contrarius,
1171 476 1251 510 vult
1269 475 1542 511 Hiberniensem
1556 479 1639 510 ortu
1650 475 1707 510 fu-

318 537 387 569 isse
411 539 447 569 et
471 534 510 567 in
535 532 655 567 Scotia
678 533 876 572 venditum,
903 543 984 567 cum
1009 532 1111 576 prius
1136 536 1219 566 ortu
1245 532 1389 567 Scotum
1416 537 1452 567 et
1477 532 1515 566 in
1535 532 1708 567 Hibernia

317 592 501 627 venditum
519 590 679 624 dixisset.
730 589 855 635 Pergit
873 589 1022 634 saperda
1038 593 1074 623 et
1090 589 1259 629 insulsus,
1286 601 1309 624 a
1333 589 1521 624 Matthaeo
1538 589 1709 634 archiepi—

317 660 423 694 scopo
441 647 639 683 Patricium
656 647 702 681 ad
720 646 953 691 episcopalem
971 646 1122 692 gradum
1140 650 1343 690 promotum
1361 657 1530 687 asserens,
1552 657 1634 681 cum
1656 658 1709 683 ar-

316 705 532 750 chiepiscopi
548 705 720 739 honorem
738 715 760 737 a
776 703 976 738 coelestino
993 714 1087 748 papa
1110 704 1295 748 acceperit,
1316 708 1359 738 ut
1381 703 1476 739 infra
1499 703 1634 748 patebit
1662 715 1706 738 ex

318 762 493 809 Sigeberti
506 761 694 797 Chronico.
747 760 911 805 Denique
925 761 1100 805 sepulchri
1115 762 1231 796 locum
1245 762 1322 807 ejus
1336 761 1500 807 ignotum
1515 761 1708 801 contendit,

317 831 396 855 cum
421 830 543 854 omnes
561 829 643 853 eum
668 818 767 852 Duni
795 819 973 862 sepultum
999 822 1036 852 et
1061 823 1197 852 veteres
1223 822 1259 852 et
1283 814 1495 853 recentiores
1520 817 1707 855 affirment.

319 877 490 911 Silvester
507 876 676 910 Giraldus
703 874 931 921 Topograph.
957 874 1106 909 Hibern.
1133 886 1208 920 cap.
1227 883 1348 909 xvnl.
1375 880 1410 910 et
1434 886 1557 910 versus
1584 877 1709 922 vulga·

318 934 460 973 tissimi,
482 934 564 967 licet
582 932 777 972 falsissimi,
794 942 877 965 nam
895 931 1046 977 Brigida
1062 931 1288 967 Abrenethae
1306 933 1344 967 in
1367 933 1523 967 canonic.
1550 933 1635 967 aede
1652 933 1709 978 ja·

323 996 390 1031 cet,
417 1001 458 1024 ac
483 991 522 1024 in
545 990 675 1024 Scotia.
727 988 787 1023 Ex
812 989 879 1023 loci
905 988 1059 1023 archivis
1082 993 1118 1023 et
1143 989 1230 1024 actis
1255 988 1423 1024 Leslaeus
1449 989 1510 1024 lib.
1530 998 1583 1024 1v.
1609 990 1706 1026 Hist.

319 1059 353 1092 p.
365 1056 510 1082 cxmx.
536 1047 715 1081 Patricius
728 1057 813 1080 vero
826 1047 864 1080 in
878 1045 1074 1086 Glastonia,
1087 1046 1232 1091 regione
1245 1045 1511 1087 somersetensi,
1525 1051 1560 1081 et
1570 1047 1662 1082 vixit
1673 1052 1708 1082 et

321 1104 421 1144 obiit,
439 1104 469 1138 si
487 1102 798 1137 Malmesburiensi
817 1102 902 1136 fides
918 1102 979 1136 lib.
999 1110 1042 1135 11.
1057 1102 1156 1137 Gest.
1176 1102 1282 1137 Pont.
1300 1103 1432 1149 pagina
1449 1112 1572 1138 CXLV.
1590 1115 1653 1138 nec
1666 1105 1708 1139 de

320 1160 479 1195 Patricio
503 1160 648 1206 juniore
678 1159 798 1194 dicant
831 1159 967 1193 Irlandi
997 1160 1280 1206 intelligendum,
1310 1160 1484 1205 siquidem
1515 1160 1709 1196 Hiberniae

323 1217 538 1263 Apostolum
558 1217 650 1251 idem
669 1221 792 1251 auctor
809 1220 921 1257 vooet,
940 1221 976 1251 et
992 1216 1037 1250 G.
1054 1216 1255 1251 Camdenus
1274 1228 1355 1263 pag.
1370 1225 1497 1252 chn.
1532 1217 1706 1262 Denique,

321 1274 495 1309 Columba
513 1275 551 1308 in
574 1286 615 1309 ea
639 1274 757 1308 insula
775 1274 882 1320 jacet,
908 1285 1000 1318 quae
1022 1273 1179 1308 Scoticae
1199 1274 1356 1314 ditionis,
1382 1278 1419 1309 et
1443 1274 1630 1309 Scotorum
1656 1287 1708 1310 re-

322 1342 409 1377 gum
426 1332 620 1376 sepultura,
637 1343 659 1365 a
676 1331 819 1365 nomine
836 1331 945 1377 hujus
962 1330 1075 1365 sancti
1096 1327 1273 1365 Columkil
1286 1331 1428 1366 dicitur.
1475 1331 1709 1368 Scotichroni·

321 1399 387 1422 con
403 1393 440 1423 et
456 1388 718 1423 Veremundus.
768 1388 926 1422 Tantum
950 1387 1158 1432 improbitas
1185 1387 1395 1422 Hirlandica
1420 1387 1545 1429 effecit,
1570 1394 1708 1425 sanctos

325 1445 405 1487 Dei,
423 1446 487 1491 qui
505 1446 583 1480 aliis
600 1445 824 1485 deberentur,
850 1445 918 1479 sibi
937 1444 1118 1490 affingens.
1167 1443 1491 1479 Huntindoniensis
1516 1455 1601 1480 vero
1626 1446 1711 1482 scri·

324 1503 378 1538 bit
402 1502 440 1537 S.
466 1502 676 1537 columbam
702 1502 748 1536 ad
772 1502 809 1536 S.
837 1501 988 1536 Martini
1017 1501 1222 1545 episcopatu
1249 1501 1286 1536 S.
1315 1501 1464 1536 Niniani
1488 1503 1527 1538 in
1556 1502 1710 1539 Gallovi·

324 1559 383 1594 dia
398 1560 591 1605 sepultum,
608 1559 669 1594 lib.
689 1567 750 1593 111.
768 1570 850 1605 pag.
869 1567 1040 1593 cxxmx.
1071 1557 1189 1597 Quam
1206 1558 1390 1594 mendaces
1407 1570 1492 1605 ergo
1509 1559 1548 1595 hi
1565 1561 1708 1595 versus!

623 1622 667 1650 Hi
680 1627 740 1651 tres
753 1621 785 1653 in
800 1621 889 1650 Duno
901 1620 1015 1650 tumulo
1028 1620 1211 1650 tumulantur
1225 1620 1256 1650 in
1268 1630 1335 1656 uno,

662 1668 789 1707 Brigida,
804 1668 957 1703 Patricius,
968 1673 1054 1706 atque
1069 1668 1208 1698 Columba
1220 1667 1295 1707 pius.

370 1725 576 1761 clarissime
593 1726 746 1771 patriam
765 1725 801 1760 S.
821 1726 969 1761 Patricii
986 1725 1160 1770 expressit
1177 1724 1227 1760 H.
1246 1725 1417 1761 Rabanus
1435 1726 1473 1761 in
1496 1726 1710 1772 Martyrolo·

322 1783 406 1829 gio:
458 1787 480 1803 ‘⁵
506 1782 550 1817 In
580 1783 698 1818 Scotia
723 1784 841 1819 natale
868 1782 1016 1818 Patrieii
1045 1782 1211 1826 episcopi,
1237 1783 1301 1827 qui
1327 1782 1366 1816 iu
1393 1782 1569 1818 Hibernia
1592 1784 1710 1819 insula

323 1840 483 1884 primum
505 1839 724 1884 praedicavit
740 1850 870 1874 nornen
889 1839 1036 1874 Domini
1061 1839 1174 1873 nostri
1201 1838 1283 1874 Iesu
1309 1839 1475 1874 Christi.⁷'
1526 1840 1709 1875 Notkerus

324 1896 510 1936 Balbulus‚
522 1896 630 1930 etiam
641 1895 877 1941 Martyrolog.
888 1895 1050 1940 scriptor,
1061 1896 1183 1930 eodem
1195 1896 1256 1930 illo
1267 1896 1340 1930 die:
1364 1901 1386 1916 ‘⁶
1398 1896 1441 1931 In
1454 1896 1572 1931 Scotia
1582 1898 1711 1932 nativi-

324 1957 379 1987 tas
397 1952 431 1986 S.
450 1952 599 1988 Patricii
617 1953 783 1997 episcopi,
808 1953 952 1988 natione
970 1951 1149 1993 Britanni,
1168 1953 1230 1997 qui
1248 1954 1286 1987 in
1306 1952 1481 1988 Hibernia
1496 1954 1614 1988 insula
1630 1954 1711 1989 Sco-

324 2010 372 2044 tis
388 2010 546 2054 primum
571 2009 832 2055 evangelizavit
853 2020 982 2044 nomen
1004 2008 1150 2043 Domini
1174 2010 1287 2044 nostri
1313 2010 1395 2044 Iesu
1419 2010 1564 2051 Christi,
1591 2017 1627 2046 et
1652 2022 1710 2046 eos

324 2078 388 2111 per
404 2066 655 2101 miraculorum
674 2066 910 2101 ostensionem
934 2066 978 2100 ad
997 2065 1099 2103 fidem
1117 2076 1237 2102 veram
1255 2066 1471 2102 convertit.”
1515 2067 1658 2102 Fefellit
1674 2074 1710 2103 et

324 2123 419 2158 hunc
436 2127 472 2157 et
488 2123 619 2158 multos
637 2123 725 2158 alios
744 2133 865 2158 rerum
882 2122 1095 2157 nostratium
1113 2123 1317 2163 exordium3
1336 2134 1418 2158 nam
1431 2124 1518 2168 quia
1532 2124 1628 2159 Scoti
1640 2125 1711 2169 pri-

325 2191 425 2215 mum
440 2191 484 2214 ex
499 2179 673 2214 Hibernia
689 2179 728 2213 in
741 2179 967 2215 Britanniam
981 2179 1210 2219 transierunt,
1223 2181 1474 2216 existimarunt
1487 2180 1609 2216 Scotos
1622 2193 1710 2216 sem·

325 2248 389 2281 per
406 2247 483 2271 eam
510 2237 663 2271 insulam
688 2235 930 2276 inhabitasse;
958 2247 1069 2280 usque
1095 2236 1183 2271 adeo
1208 2237 1393 2272 nominum
1419 2243 1462 2273 ut
1486 2237 1647 2273 confusio
1672 2239 1711 2273 fit

327 2293 592 2333 inextricabilis,
610 2298 720 2338 utque
737 2292 882 2336 quidam
907 2297 1066 2326 auctores
1088 2304 1196 2337 supra
1221 2294 1367 2335 laudati,
1387 2293 1480 2335 Ado,
1498 2293 1710 2336 Galesinius,

327 2350 569 2395 Maurolycus,
587 2349 710 2384 Scotos
728 2348 810 2384 fidei
833 2349 1057 2384 Christianae
1080 2350 1268 2385 veritatem
1293 2355 1330 2385 et
1354 2352 1467 2386 lucem
1491 2353 1665 2398 evangelii
1691 2364 1712 2388 a

325 2407 363 2442 S.
377 2406 532 2443 Patricio
542 2406 701 2442 hausisse
711 2406 946 2452 scripserunt;
957 2406 1118 2452 quinimo
1131 2406 1206 2452 ipsc
1217 2407 1410 2444 Mellsnius
1423 2408 1560 2445 Probus
1572 2409 1708 2451 Scotus,
