2060 2848
708 272 883 305 GENTIS
907 273 1182 313 SCOTORUM,
1207 275 1297 308 LIB.
1320 276 1421 309 XIX.
1694 279 1757 311 677

372 377 494 411 premo
527 366 665 401 Scotiae
698 371 825 401 senatu
857 366 1026 409 instituit,
1065 373 1101 402 et
1137 380 1192 403 res
1225 380 1269 404 ex
1302 374 1387 404 voto
1420 370 1633 411 succedebat,
1668 382 1748 406 cum

371 424 617 458 ministrorum
650 423 788 457 invidia
819 428 975 463 exactus,
1010 431 1137 471 agente
1165 437 1246 461 cum
1274 438 1356 472 rege
1387 426 1563 461 Gulielmo
1589 427 1748 473 Cowper.

370 480 524 515 Causam
552 480 633 514 vide
662 479 729 513 hoc
758 491 861 524 opere
891 491 1000 524 supra
1028 482 1089 516 lib.
1121 490 1180 516 111.
1216 482 1341 527 Itaque
1371 483 1491 517 amicis
1521 484 1567 517 ad
1596 484 1749 529 inopiam

371 537 533 576 redactis,
567 541 631 571 aut
663 536 845 582 religionis
879 538 998 572 studio
1031 549 1134 582 opem
1166 539 1389 584 negantibus,
1423 540 1461 573 in
1499 539 1631 575 Gallias
1661 542 1750 575 redi-

371 594 435 633 vit,
467 593 530 627 ubi
560 593 725 627 Lutetiae
752 604 877 628 rursus
907 594 1066 628 studium
1091 594 1318 639 professionis
1344 596 1536 642 ingressuS‚
1566 602 1601 631 et
1625 599 1750 633 celebri

370 650 557 691 auditorio,
583 655 619 684 et
643 650 749 684 ubere
775 651 1012 695 opulentoque
1038 656 1214 695 proventu
1239 658 1373 697 septem
1405 653 1506 687 annis
1534 654 1664 694 docuit,
1690 655 1753 689 ho-

370 718 472 741 nores
490 708 638 752 adeptus
655 707 881 748 academicos,
898 708 937 742 in
957 707 1155 749 Lexovaeo,
1178 707 1382 750 Grasinaeo,
1407 714 1443 744 et
1466 710 1648 746 Pelessaeo
1670 722 1751 756 pro-

370 764 494 799 fessus.

418 822 507 856 Inde
532 833 554 856 a
578 833 660 868 rege
683 821 838 868 Magnae
860 821 1069 857 Britanniae
1092 823 1291 857 studiorum
1317 828 1457 859 amante
1481 829 1657 866 evocatus,
1683 826 1751 860 Hi-

371 879 491 913 storici
534 879 679 913 titulum
716 883 899 914 assecutus
939 879 1056 926 Regii,
1095 892 1116 914 a
1153 879 1291 914 Joanne
1329 881 1535 915 Robillardo
1568 881 1749 917 Nox-mano

371 936 581 970 Cadomensi
622 936 819 981 periculum
862 937 956 971 vitae
998 938 1096 977 adiit,
1138 938 1200 982 qui
1234 937 1411 983 frequenti
1446 938 1652 973 stationario
1686 940 1749 973 mi-

370 994 433 1027 lite
466 994 658 1027 comitante
693 993 759 1027 sub
788 998 927 1028 noctem
956 994 1168 1039 irrumpens,
1199 996 1306 1029 armis
1336 1007 1416 1029 cum
1445 996 1519 1029 suis
1549 1002 1676 1030 exutus
1710 1008 1749 1031 ac

370 1050 408 1084 in
438 1050 631 1084 custodiam
663 1050 779 1090 datus,
801 1050 869 1084 iter
894 1055 1099 1095 conceptum
1127 1051 1286 1086 Thomae
1311 1052 1528 1086 acceleravit.
1579 1052 1631 1086 Et
1655 1053 1749 1088 Lon-

369 1107 445 1141 dini
474 1117 620 1141 uxorem
651 1107 755 1140 duxit
784 1106 984 1141 Susannam
1014 1106 1204 1149 Valeriam,
1236 1120 1280 1142 ex
1309 1120 1379 1153 qua
1408 1110 1446 1143 in
1476 1108 1581 1143 Italia
1607 1109 1749 1144 filiolam

371 1165 527 1204 sustulit,
564 1164 621 1197 cui
656 1164 694 1197 in
732 1175 831 1198 sacro
866 1164 964 1198 fonte
999 1164 1249 1209 fidejusserunt
1279 1165 1539 1200 illustrissimus
1576 1165 1749 1200 Maffaeus

371 1220 407 1255 S.
435 1221 480 1255 R.
507 1220 554 1255 E.
581 1220 780 1255 Cardinalis
807 1220 1036 1261 Barberinus,
1063 1232 1157 1256 nunc
1181 1221 1344 1266 pontifex
1368 1223 1557 1262 maximus,
1579 1227 1615 1256 et
1633 1222 1749 1257 Maria

370 1278 595 1324 Magdalena,
625 1278 848 1311 serenissima
877 1276 1047 1312 Austriae
1072 1278 1254 1319 archidux,
1288 1283 1325 1313 et
1354 1289 1484 1324 magna
1512 1280 1586 1313 dux
1616 1279 1750 1313 Hetru-

370 1336 468 1376 riae3
497 1335 557 1369 sed
582 1335 644 1368 illa
668 1334 763 1368 diem
788 1335 974 1368 lustricum
996 1335 1117 1370 statim
1141 1336 1382 1379 praeveniens,
1406 1335 1613 1370 Franciscae
1638 1337 1751 1371 nomi-

370 1404 415 1427 ne
443 1392 621 1437 imposito,
650 1391 855 1436 parentibus
885 1392 979 1426 orbis
1004 1392 1216 1426 desiderium
1245 1392 1457 1437 relinquens,
1486 1394 1621 1427 coelum
1650 1404 1749 1428 occu-

369 1451 481 1496 pavit.

418 1507 501 1541 Jam
535 1506 691 1541 ministri
724 1505 927 1552 Anglicani,
963 1509 998 1539 et
1033 1507 1186 1541 maxime
1223 1507 1451 1542 Monteaeuto
1484 1507 1645 1552 episcopo
1679 1507 1749 1541 Ba-

370 1565 549 1600 thoniensi
582 1568 743 1609 urgente,
777 1574 857 1597 cum
891 1574 973 1608 rege
1007 1563 1169 1609 agebant,
1211 1575 1255 1598 ne
1289 1564 1511 1599 Catholicum
1549 1569 1674 1599 notum
1709 1576 1749 1599 ac

370 1622 568 1668 professum
598 1620 680 1655 fidei
709 1619 872 1654 defensor
897 1620 993 1664 apud
1018 1632 1055 1655 se
1080 1625 1211 1661 tenere,
1235 1618 1366 1661 fovere,
1392 1625 1455 1654 aut
1479 1621 1671 1655 honoribus
1698 1621 1750 1655 af-

370 1680 472 1714 ficere
502 1679 629 1718 vellet3
667 1689 777 1722 quare
813 1678 1002 1721 impetrato
1036 1682 1234 1712 commeatu
1267 1677 1305 1711 in
1339 1676 1480 1712 Italiam
1513 1677 1678 1721 perrexit,
1714 1682 1749 1711 et

371 1736 506 1770 Romae
547 1735 593 1769 ab
634 1734 915 1778 exploratoribus
957 1735 1105 1774 delatus,
1155 1735 1256 1778 quasi
1302 1734 1421 1768 literas
1463 1734 1615 1767 occultas
1656 1739 1750 1768 attu-

370 1794 479 1833 lisset,
512 1793 551 1826 in
584 1790 812 1826 honorificam
845 1790 952 1825 unius
985 1791 1109 1830 noctis,
1152 1791 1195 1824 ad
1230 1790 1377 1824 Turrim
1418 1800 1558 1829 nonam,
1598 1791 1751 1825 custodi-

370 1862 427 1884 am
466 1850 581 1888 datus,
619 1848 677 1881 hic
714 1848 821 1881 etiam
859 1847 1040 1891 superavit
1073 1847 1255 1887 invidiam,
1290 1851 1325 1880 et
1354 1858 1375 1880 a
1409 1845 1444 1880 S.
1473 1845 1518 1880 D.
1547 1845 1595 1880 N.
1629 1847 1749 1881 literas

371 1908 415 1942 ad
440 1905 701 1940 serenissimum
729 1904 898 1938 Cosmum
925 1914 1093 1949 magnum
1126 1903 1317 1938 Hetruriae
1346 1904 1469 1937 ducem
1499 1903 1748 1937 commendati-

371 1965 439 1998 tias
464 1962 681 2006 impetravit,
709 1961 943 1995 scribentibus
971 1961 1077 1994 etiam
1106 1961 1236 2000 Saulio,
1267 1960 1433 2000 Caetano,
1465 1959 1621 1999 Mellino,
1651 1960 1747 1994 Bon-

372 2024 434 2061 sio,
465 2031 504 2055 ac
530 2019 757 2058 Philonardo,
786 2018 821 2052 S.
849 2018 894 2052 R.
921 2017 966 2052 E.
993 2018 1241 2058 cardinalibus,
1268 2022 1405 2052 oratore
1435 2017 1542 2051 etiam
1571 2015 1747 2051 Hetrusco

371 2079 526 2114 Domino
553 2076 659 2110 Petro
685 2075 957 2109 Guicchiardino
983 2086 1056 2109 rem
1088 2078 1328 2119 promovente,
1358 2073 1575 2108 Florentiam
1609 2084 1746 2107 conces-

372 2138 442 2176 sit3
484 2134 545 2169 ubi
588 2134 632 2167 ad
674 2133 850 2177 publicam
893 2132 1176 2176 ordinariamque
1209 2132 1247 2165 in
1281 2131 1412 2165 Pisana
1445 2129 1621 2163 academia
1655 2129 1746 2164 Pan-

371 2196 551 2228 dectarum
569 2190 821 2235 professionem
839 2190 1024 2229 admissus,
1048 2189 1130 2223 dato
1156 2193 1364 2227 commeatu,
1390 2191 1426 2221 et
1450 2186 1561 2221 literis
1587 2185 1631 2220 ab
1655 2197 1747 2220 sere-

371 2250 527 2285 nissimis
555 2247 694 2293 magnis
723 2246 913 2281 Hetruriae
947 2246 1094 2280 ducibus
1120 2245 1165 2279 ad
1194 2244 1347 2290 Magnae
1376 2243 1583 2277 Britanniae
1613 2254 1742 2288 regem,

372 2309 428 2342 die
458 2316 496 2340 v.
530 2305 630 2340 Junii
664 2305 702 2338 in
735 2303 905 2350 Angliam
939 2302 1127 2347 profectus,
1161 2312 1307 2337 uxorem
1340 2301 1378 2335 in
1412 2300 1553 2337 Italiam
1587 2299 1744 2341 abduxit,
