2060 2848
685 322 860 355 GENTIS
885 320 1162 360 SCOTORUM,
1188 322 1277 354 LIB.
1302 321 1346 353 X.
1642 321 1705 351 415

317 425 369 453 est
396 418 551 453 fluminis
577 417 627 451 ibi
653 417 827 457 latitudo;
855 417 916 460 qui
943 421 1062 450 tamen
1090 427 1162 450 uno
1187 420 1378 460 antequam
1404 415 1584 449 decederet
1609 426 1702 449 anno

315 476 476 510 incendio
494 474 737 520 conflagravit,
757 485 820 507 nec
837 473 932 507 refici
954 474 1072 517 potuit
1089 477 1234 517 propter
1251 472 1460 506 festinatum
1478 473 1555 518 ejus
1574 473 1700 506 disces-

314 544 404 573 sum,
422 543 626 577 quanquam
644 532 682 565 in
700 543 740 565 ea
758 531 988 565 meditatione
1005 535 1107 570 esset,
1125 535 1166 565 ut
1184 541 1249 575 pro
1266 531 1384 576 ligneo
1402 530 1581 574 lapideum
1600 531 1700 564 resti-

314 590 461 623 tueret.’'

363 646 486 681 Liceat
503 658 616 691 pauca
634 658 677 680 ex
696 646 915 691 Marquardo
933 645 1090 680 Frehero
1106 654 1144 680 V.
1165 654 1227 679 CL.
1255 645 1298 679 de
1316 656 1357 679 eo
1374 649 1554 679 annotare.
1607 644 1698 679 Cum

313 705 473 738 notarius
492 704 610 738 Caroli
630 703 755 750 Magni
778 708 869 737 esset
895 704 1148 737 consuetudine
1171 703 1307 737 furtiva
1332 714 1412 737 cum
1439 703 1556 737 Imma
1581 703 1698 737 Caroli

313 761 384 795 filia
401 762 463 795 diu
481 766 670 806 protracta,
689 761 733 794 ad
751 761 918 794 ultimum
935 761 974 794 in
990 760 1146 795 facinore
1163 761 1413 805 deprehensus,
1441 772 1518 796 eam
1545 771 1625 795 cum
1647 761 1699 794 in—

313 820 411 864 genti
429 819 511 853 dote
528 829 677 853 uxorem
695 818 809 858 duxit,
828 829 935 862 quam
958 823 994 853 et
1017 819 1118 852 auxit
1135 817 1339 852 Ludovicus
1356 819 1454 864 Aug.
1503 818 1606 853 Hanc
1623 818 1699 852 fato

314 881 470 921 ereptam
488 876 701 921 implacabili
720 876 839 909 dolore
855 876 959 916 luxit,
985 880 1027 910 ut
1052 887 1096 910 ex
1120 876 1277 920 epistolis
1295 876 1372 921 ejus
1390 876 1435 909 ad
1451 874 1595 920 Lupum
1613 875 1698 910 Fer-

313 934 427 967 rariae
444 934 650 978 episcopum
667 933 790 977 liquet,
808 938 886 967 tum
904 934 1095 968 caelibatus
1113 933 1338 978 impatientia
1354 933 1493 973 ductus,
1519 938 1554 967 et
1572 934 1697 967 mundi

313 997 506 1035 pertaesus.
558 990 777 1024 Coenobium
794 989 966 1024 Salinstat
983 995 1044 1025 aut
1063 991 1279 1036 Salingestat
1302 991 1347 1024 ad
1373 990 1544 1025 Moenum
1570 990 1699 1025 funda-

312 1048 375 1088 vit,
397 1048 516 1092 ibique
533 1047 727 1081 consenuit.
764 1046 929 1081 Chronic.
949 1047 1258 1082 Laurishamense.
1294 1047 1508 1082 Ambrosius
1523 1048 1696 1083 Moralius

311 1104 370 1138 lib.
391 1114 482 1138 xm.
500 1105 543 1138 de
564 1104 723 1150 Regibus
744 1103 895 1148 Hispan.
915 1116 990 1149 cap.
1010 1114 1133 1139 xxm.
1158 1109 1194 1138 et
1216 1104 1417 1139 Chronicon
1434 1105 1697 1140 Snarzachense

312 1166 333 1180 ·'‘
350 1162 555 1206 scriptorem
575 1166 719 1195 actuum
738 1161 876 1195 Caroli”
894 1163 1058 1207 appellat.
1112 1161 1305 1196 Ermoldus
1329 1161 1366 1195 N
1368 1162 1494 1208 igellus
1517 1162 1556 1196 in
1583 1162 1696 1196 Pane-

311 1219 433 1263 gyrico
451 1219 626 1253 Ludovici
645 1218 713 1259 Pii,
732 1218 850 1253 Caroli
868 1219 910 1253 F.

612 1309 696 1337 Tunc
711 1308 878 1338 Heinardus
892 1314 954 1338 erat
968 1308 1062 1338 Caroli
1076 1308 1199 1338 dilectus
1212 1318 1315 1342 amore,

649 1355 827 1394 Ingenioque
841 1366 938 1394 sagax,
952 1360 982 1385 et
995 1356 1125 1385 bonitate
1139 1356 1247 1394 vigens.

358 1444 572 1491 Anonymus
591 1445 889 1481 Paderbornensis
907 1450 1011 1490 poeta
1028 1446 1095 1480 sub
1118 1445 1309 1490 Arnulpho
1332 1446 1555 1491 imperatore,
1577 1448 1692 1482 editus

310 1513 331 1534 a
349 1501 517 1537 Reinerio
536 1502 745 1538 Reineccio:

609 1598 656 1628 De
670 1599 730 1628 vita
744 1599 838 1628 Caroli
852 1599 991 1638 scriptum
1005 1599 1082 1638 legat
1095 1600 1157 1638 ipse
1170 1599 1311 1634 libellum,

608 1645 703 1680 Quem
718 1656 829 1675 summo
842 1646 968 1685 prudens
983 1646 1127 1676 Einardus
1141 1647 1255 1676 nomine
1268 1647 1390 1687 scripsit.

358 1734 497 1779 Scripta
513 1735 590 1780 ejus
608 1741 792 1770 enumerat
811 1736 1045 1777 Trsthemius,
1063 1747 1154 1781 quae
1171 1737 1385 1778 videantur3
1412 1750 1477 1784 ego
1504 1750 1615 1783 pauca
1641 1751 1693 1774 re-

308 1791 463 1825 censebo.

456 1848 578 1882 Vitam
597 1849 717 1883 Caroli
735 1850 873 1896 Magni,
891 1862 999 1895 quam
1017 1862 1060 1885 ex
1078 1851 1240 1886 Suetonii
1258 1852 1426 1899 Augusto
1443 1855 1626 1898 expressit,
1641 1856 1694 1888 in-

504 1907 615 1952 tegris
633 1907 812 1941 interdum
830 1908 971 1954 paginis
989 1909 1187 1953 exscripsit,
1242 1932 1245 1935 ,
1290 1911 1351 1944 lib.
1373 1919 1397 1944 1.

455 1961 637 2006 Epistulas
1289 1967 1349 2002 lib.
1371 1977 1395 2001 1.

454 2018 509 2052 De
532 2018 781 2054 Translatione
812 2026 846 2055 et
873 2021 1057 2057 Miraculis
1085 1996 1146 2057 SS.
1173 2024 1372 2078 Marcellini
1401 2029 1436 2059 et
1467 2024 1564 2059 Petri
1595 2025 1692 2060 Mar-

506 2080 627 2120 tyrum
740 2077 846 2112 lib.1.
900 2078 1096 2114 Meminere
1113 2080 1303 2115 Aimonius
1321 2082 1514 2116 monachus
1533 2087 1568 2117 et
1581 2082 1693 2117 Chro-

502 2133 606 2167 nicon
624 2134 939 2170 Laurishamense:
957 2141 1056 2171 extat
1072 2138 1168 2182 apud
1186 2137 1431 2173 Laurentium
1441 2139 1587 2174 Surium
1606 2145 1690 2175 tom.

505 2198 575 2223 vn.
595 2191 651 2225 die
670 2201 711 2225 11.
730 2191 842 2226 Junii.

455 2246 596 2281 Monita
615 2247 789 2283 Gabrielis
806 2249 1023 2296 Archangeli
1042 2260 1117 2285 ΧΠ.
1135 2253 1299 2297 capitulis
1317 2254 1568 2298 comprehensa
1586 2255 1644 2290 lib.
1665 2266 1689 2290 1.

502 2304 660 2339 Annales
679 2306 872 2341 Fuldenses
891 2308 935 2341 ad
953 2319 1086 2342 annum
1104 2317 1354 2345 DCCCLXXIV.

356 2360 521 2395 Florebat
550 2373 643 2396 anno
674 2363 850 2397 humanae
879 2365 1004 2400 salutis
1034 2374 1166 2401 Deccl.
1193 2369 1335 2443 quando
1360 2369 1496 2410 obierit,
1524 2381 1595 2405 non
1623 2383 1689 2417 ego

307 2419 430 2461 reperi
