2060 2848
385 331 448 362 538
769 329 1003 363 HISTORIA
1027 330 1402 365 ECCLESIASTICA

387 425 584 466 Bobiensis,
603 436 683 460 cum
702 436 742 460 eo
760 424 969 460 Luxovium
987 425 1180 471 profectus,
1198 437 1279 461 cum
1297 439 1338 461 eo
1356 428 1438 462 inde
1456 440 1477 462 a
1496 429 1719 467 Theodorico
1743 438 1777 466 et

385 483 624 519 Brunechilde
642 484 823 528 expulsus,
850 483 1040 517 Franciam
1058 484 1239 524 lustravit,
1257 484 1368 519 donec
1386 484 1633 522 Constantiam
1652 490 1778 524 urbem

383 543 422 576 in
439 541 637 576 Armoricis
656 541 873 585 appulisset;
893 541 929 575 in
950 542 1052 587 cujus
1066 541 1271 575 suburbano
1285 547 1423 576 coetum
1439 545 1693 580 monachorum
1709 549 1779 581 col-

381 600 480 646 legit,
507 599 637 644 quibus
665 599 703 633 in
733 609 874 633 summa
898 600 1042 645 regulae
1068 599 1295 633 observantia
1319 599 1487 644 praefuit,
1512 602 1687 648 magistro
1715 615 1780 638 suo

381 657 597 692 simillimus.
649 656 795 692 Scotum
822 661 942 691 autem
968 667 1044 691 esse
1069 657 1193 702 liquet,
1219 667 1303 691 nam
1329 658 1463 692 nemini
1490 657 1656 695 Luxovio
1682 663 1779 696 exire

381 726 461 749 cum
484 719 606 750 sancto
632 716 710 749 viro
736 714 961 759 permissum,
986 714 1049 758 qui
1072 725 1145 748 non
1170 713 1330 759 ejusdem
1357 716 1512 750 concivis
1539 721 1574 751 et
1600 723 1777 753 conterra-

380 784 479 814 neus,
500 773 566 808 hoc
584 777 648 813 est,
667 772 805 806 Scotus-
858 771 893 805 S.
912 770 1024 806 Jonas
1043 782 1118 816 cap.
1139 779 1264 805 XXIII.
1283 782 1366 818 pag.
1386 781 1497 807 CLIX.
1550 773 1699 820 Scripsit

527 830 588 864 Ad
606 830 802 864 Monachos
820 830 983 864 collectos
1276 828 1337 862 lib.
1358 837 1384 862 1.

524 888 707 932 Epistolas
726 888 770 921 ad
788 886 1051 922 Columbanum
1274 885 1336 920 lib.
1357 894 1382 921 Ι.

427 946 569 980 Floruit
587 956 681 980 anno
700 953 845 979 DCXXI.
899 944 985 978 Dies
1003 944 1120 978 cultus
1139 948 1193 978 est
1210 943 1381 978 incertus.

822 1060 858 1095 S.
887 1058 1169 1094 PROMPTIA.
1223 1060 1331 1092 1020.

376 1178 411 1211 S.
433 1177 653 1211 PROMPTIA
672 1176 787 1222 virgo,
805 1186 906 1211 soror
924 1175 961 1209 S.
980 1174 1144 1209 Gibriani
1163 1174 1271 1216 Scoti,
1290 1186 1381 1220 quae
1399 1187 1480 1210 cum
1505 1187 1545 1211 eo
1570 1182 1776 1223 septemque

374 1234 545 1269 fratribus
572 1234 690 1279 patria
716 1244 869 1279 egressa,
892 1233 931 1267 in
957 1231 1083 1267 Galliis
1108 1233 1322 1279 regulariter
1347 1234 1459 1267 vitam
1486 1234 1524 1267 in
1550 1235 1677 1269 timore
1703 1235 1776 1269 Do-

374 1292 464 1326 mini
491 1291 677 1337 transegit,
704 1295 739 1325 et
765 1290 803 1324 in
827 1290 1009 1324 territorio
1040 1289 1254 1324 Rhemensis
1284 1290 1607 1336 archiepiscopatus
1639 1298 1775 1326 sancto-

373 1360 453 1384 rum
471 1360 619 1393 operum
637 1349 743 1393 plena
759 1348 923 1393 quiescit.
977 1347 1170 1381 Flodoardi
1189 1347 1364 1383 Historia.

421 1406 593 1451 Deposita
611 1410 665 1441 est
683 1417 777 1440 anno
797 1414 917 1440 DXIX.
970 1404 994 1438 J
996 1416 1046 1439 ac.
1067 1403 1269 1449 Cheyneus.

842 1520 1140 1555 POSSENNIA.
1196 1523 1301 1555 1021.

371 1640 406 1673 S.
427 1639 676 1678 POSSENNIA,
695 1648 795 1672 soror
812 1637 938 1672 itidem
956 1636 1161 1682 superioris,
1187 1641 1223 1671 et
1240 1637 1353 1683 virgo,
1382 1638 1505 1671 eodem
1524 1638 1619 1672 vitae
1642 1650 1772 1684 genere

369 1707 445 1736 usa,
469 1696 590 1730 eadem
614 1695 652 1728 in
677 1695 872 1739 provincia,
894 1695 1046 1741 jejuniis
1070 1699 1106 1729 et
1132 1694 1353 1729 orationibus
1381 1695 1512 1735 dedita,
1539 1696 1643 1736 vixit,
1671 1701 1707 1730 et
1733 1697 1770 1730 in

370 1754 491 1788 eadem
509 1753 680 1798 deposita,
699 1757 904 1787 sanctorum
922 1753 1046 1787 itidem
1065 1751 1156 1792 albo,
1176 1753 1302 1786 saltem
1321 1752 1365 1787 ab
1383 1752 1547 1797 episcopo
1562 1753 1640 1793 loci,
1660 1753 1771 1788 inser-

370 1816 418 1851 ta,
436 1811 574 1845 colitur.
629 1809 729 1844 Idem
747 1810 981 1845 Flodoardus.

421 1869 551 1903 Annus
569 1869 663 1903 idem
683 1879 763 1902 cum
781 1879 912 1909 sorore,
931 1868 1006 1903 dies
1025 1879 1110 1902 vero
1127 1868 1293 1902 incertus.

845 1966 1130 2001 PATRICIUS.
1187 1969 1292 2001 1022.

370 2043 606 2082 PATmcms,
625 2041 686 2076 SS.
707 2041 900 2076 Trinitatis
927 2041 1133 2081 monachus,
1159 2045 1266 2076 natus
1283 2041 1428 2076 Dornae
1446 2042 1484 2075 in
1503 2041 1766 2082 Sutherlandia‚

371 2099 576 2133 monasterii
607 2098 874 2133 Aberdonensis
904 2099 1078 2144 superior,
1108 2110 1190 2134 cum
1220 2099 1362 2133 sectarii
1390 2099 1510 2133 omnia
1541 2094 1765 2139 temerarent,

363 2158 510 2202 jamque
528 2157 646 2201 ipsum
666 2156 885 2197 coenobium,
904 2156 999 2190 ferro
1023 2156 1236 2201 flammaque
1259 2157 1442 2197 saevituri,
1469 2157 1631 2191 demoliri
1659 2168 1765 2202 appa-

368 2218 499 2253 rarent,
519 2214 791 2248 concionaturus
816 2214 957 2249 obviam
981 2214 1177 2258 processit;
1205 2214 1267 2248 sed
1291 2214 1343 2248 illi
1367 2215 1430 2260 qui
1449 2214 1567 2248 Deum
1586 2220 1765 2258 contemp-

369 2275 499 2310 serant,
519 2271 707 2316 ipsumque
725 2282 852 2306 verum
869 2273 1005 2306 cultum
1020 2271 1259 2313 aboleverant,
1277 2283 1504 2317 nequaquam
1523 2271 1764 2306 sacerdotibus

369 2339 512 2371 parcere
536 2329 775 2369 decreverant,
802 2340 928 2363 verum
954 2340 1036 2363 eum
1063 2329 1167 2364 scalis
1193 2330 1478 2374 praecipitatum,
1506 2329 1592 2363 eliso
1610 2329 1763 2367 cerebro,

370 2386 633 2419 interemerunt.

419 2441 623 2476 Necabatur
641 2453 733 2477 anno
753 2451 904 2478 Mnmx.
