2060 2848
684 292 859 325 GENTIS
883 292 1157 333 SCOTORUM,
1181 294 1271 328 LIB.
1295 295 1408 328 XVII.
1672 297 1736 343 597

354 385 614 430 Opmculorum
629 384 690 419 lib.
710 394 737 420 1.
754 396 845 430 quae
861 385 951 421 falso
967 397 1081 431 nuper
1093 388 1301 431 prodierunt
1314 388 1382 423 sub
1393 387 1535 423 nomine
1549 387 1726 434 Radulphi

383 463 385 465 ·
404 441 604 486 Feriburgi.
656 441 794 476 claruit
810 452 904 476 anno
922 451 1133 477 MCCCLXX.

636 553 859 588 JACOBUS
884 546 1222 590 STRACHANUS
1248 557 1291 591 P.
1343 559 1449 595 10⁷7.

350 665 530 701 JACOBUS
548 667 764 702 Strachanus
783 668 1007 709 Merniensis,
1030 669 1215 704 nobilitate
1230 671 1369 716 generis
1390 675 1496 716 atque
1520 672 1727 706 eruditionis

352 724 479 758 merito
496 724 662 769 inclytus,
690 725 735 759 ab
757 725 934 759 academia
959 725 1204 760 Aberdonensi
1230 726 1494 773 Edimburgum
1519 728 1725 768 destinatus,

349 791 430 814 cum
447 780 471 813 J
472 791 584 814 oanne
601 781 758 822 Leslaeo,
785 781 942 815 Patricio
960 781 1120 826 Myrton,
1145 782 1351 817 Alexandro
1374 782 1591 819 Andersono·
1610 796 1726 819 coram

348 837 472 882 regina
492 838 530 870 in
555 838 728 872 sanctiore
746 838 865 872 arcani
882 838 1019 872 concilii
1036 849 1201 873 concessu
1217 839 1298 873 fidei
1315 850 1399 874 suae
1415 841 1587 875 rationem
1610 842 1725 876 reddi-

347 894 411 933 dit,
429 898 465 928 et
481 893 674 928 haereticos
690 894 888 929 rationibus
912 895 1104 939 superavit,
1128 906 1234 930 causa
1257 900 1378 931 tamen
1402 897 1517 931 victus
1542 908 1725 942 praeoccu-

345 950 439 993 patis
457 955 664 996 magnatum
681 951 820 991 animis,
838 961 879 985 ac
895 951 1093 985 distributis
1111 963 1204 986 anno
1220 957 1296 987 toto
1312 956 1417 987 antea
1433 953 1533 988 bonis
1550 955 1724 989 ecclesias-

346 1007 437 1041 ticis.
489 1006 638 1051 Scripsit

392 1062 448 1096 De
464 1063 695 1097 Eucharistia
732 1064 793 1111 lib.
812 1072 838 1097 1.
905 1063 960 1098 De
977 1064 1124 1108 reliquis
1140 1064 1319 1099 Ecclesiae
1336 1065 1570 1101 Sacramentis
1618 1067 1679 1101 lib.
1698 1076 1723 1101 1.

394 1118 449 1153 De
467 1118 648 1153 Potestate
666 1119 794 1164 Papae,
812 1120 887 1154 sive
903 1119 991 1154 Jure
1004 1121 1190 1165 utriusque
1204 1120 1322 1155 Gladii
1335 1126 1371 1156 et
1383 1122 1534 1156 duarum
1551 1122 1725 1163 Clavium‚

445 1176 505 1210 lib.
526 1185 551 1209 1.

344 1232 443 1272 Quae
469 1243 600 1278 magna
625 1244 669 1267 ex
693 1237 794 1277 parte
820 1234 1033 1277 transcripta
1057 1244 1079 1267 a
1104 1233 1360 1279 Christophoro
1385 1235 1554 1270 Browero
1579 1236 1618 1270 in
1644 1236 1719 1270 An-

344 1289 572 1333 tiquitatibus
591 1289 839 1324 Fuldensibus.

392 1344 679 1389 Disputationem
697 1347 875 1380 solennem
889 1357 969 1380 cum
983 1346 1126 1381 Knoxio
1143 1346 1203 1380 lib.
1224 1355 1249 1381 Ι.
1314 1347 1453 1393 Fugam
1470 1347 1598 1392 Vulpis
1615 1349 1674 1383 lib.
1695 1359 1719 1383 1.

343 1401 535 1436 lVilloxius
566 1402 672 1442 enim,
701 1407 737 1437 et
765 1403 826 1437 alii
854 1403 993 1437 sectarii
1020 1414 1100 1437 cum
1126 1404 1204 1448 ipso
1232 1404 1397 1449 congredi
1430 1415 1502 1438 non
1530 1410 1614 1440 sunt
1644 1407 1720 1440 ausi

342 1463 423 1502 post
441 1457 625 1493 Knoxium
642 1459 866 1494 debellatum.
918 1459 1058 1493 Floruit
1075 1470 1167 1494 anno
1187 1468 1318 1494 MDLX.

562 1573 606 1607 B.
633 1573 929 1608 GULIELMUS
954 1581 1011 1608 DE
1037 1573 1273 1608 SANNUCO
1299 1573 1351 1607 Μ.
1404 1575 1510 1611 1078.

342 1685 386 1719 Β.
406 1685 653 1720 GULIELMUS
671 1687 714 1721 de
730 1687 904 1728 Sannuco,
923 1688 979 1721 vel
995 1687 1157 1727 Sannico‚
1171 1688 1227 1721 vel
1240 1687 1416 1729 Sannicio,
1429 1688 1572 1722 natione
1585 1688 1718 1728 Gallus,

341 1743 500 1776 ordinem
527 1742 808 1778 Carmelitanum
833 1745 871 1778 in
896 1744 1050 1778 Scotiam
1073 1744 1208 1784 intulit,
1232 1745 1293 1788 qm‘
1317 1755 1457 1778 summa
1472 1745 1632 1785 virtutis,
1655 1756 1718 1779 nec

342 1799 479 1833 minore
508 1800 706 1834 sanctitatis
736 1801 901 1844 opinione
931 1800 1129 1834 diutissime
1152 1799 1294 1840 floruit3
1321 1801 1364 1834 de
1388 1812 1458 1845 quo
1483 1800 1629 1834 fidenter
1652 1801 1718 1835 hoc

342 1855 504 1896 dixerim,
528 1857 722 1890 multorum
747 1857 921 1890 bonorum
946 1867 1091 1899 operum
1117 1856 1156 1889 in
1181 1867 1222 1890 eo
1246 1867 1355 1902 regno
1372 1856 1417 1890 ab
1433 1857 1494 1891 illo
1511 1857 1714 1897 admissum,

343 1923 407 1945 nec
431 1913 541 1946 ullum
569 1913 663 1957 quod
690 1913 835 1958 legerim
858 1923 902 1946 ex
925 1923 967 1946 ea
987 1911 1122 1947 familia
1143 1912 1357 1946 haereticum
1381 1913 1551 1957 prodiisse
1576 1918 1650 1948 toto
1675 1914 1716 1947 il-

340 1968 449 2002 lomet
471 1969 652 2014 religionis
677 1969 828 2003 turbine.
867 1969 968 2003 'Fuit
985 1972 1103 2003 autem
1121 1973 1143 1989 “
1159 1968 1344 2003 Sannicius
1365 1974 1484 2003 noster
1500 1969 1712 2004 Carmelitici

341 2024 474 2058 ordinis
504 2026 682 2070 singulare
713 2026 828 2065 decus,
856 2026 913 2059 vir
938 2025 1171 2064 doctissimus,
1201 2029 1237 2058 et
1266 2035 1384 2059 sacrae
1414 2025 1609 2072 theologiae
1635 2037 1715 2071 pro-

340 2080 482 2121 fessor,”
499 2082 550 2116 ait
567 2081 591 2114 J
592 2093 721 2116 oannes
740 2081 959 2116 Trithemius
976 2092 1056 2127 pag.
1075 2090 1241 2115 ccxmv-
1294 2080 1444 2126 Scripsit

486 2137 601 2182 Super
617 2138 816 2172 sententias
1040 2172 1043 2174 ,
1266 2138 1327 2172 lib.
1346 2147 1400 2172 lv,

488 2194 663 2228 Chronica
681 2195 723 2228 de
740 2194 1005 2239 Multiplicitate
1022 2195 1076 2229 sui
1094 2194 1240 2228 Ordinis
1267 2195 1328 2228 lib.
1348 2203 1374 2229 1.

486 2250 751 2285 Declarationes
767 2262 852 2285 suae
869 2251 1026 2297 Regulae
1268 2251 1329 2285 lib.
1349 2260 1374 2285 1.

487 2306 688 2342 Decretales
706 2307 966 2354 Religiosorum
1268 2308 1329 2342 lib.
1348 2317 1374 2342 1.

389 2364 529 2399 Floruit
559 2364 597 2398 in
627 2363 763 2405 Galliis,
790 2369 826 2399 et
852 2365 890 2399 in
920 2363 1073 2399 Scotiam
1097 2375 1177 2399 cum
1202 2364 1373 2399 fiatribus
1398 2365 1471 2399 suis
1496 2366 1593 2400 venit
1618 2377 1710 2401 anno
