2060 2848
682 313 859 348 GENTIS
883 311 1160 349 SCOTORUM,
1185 311 1274 343 LIB.
1296 311 1361 343 IX.
1656 310 1716 343 391

589 408 609 437 J
611 417 663 436 ura
675 407 775 440 trucis,
790 417 871 436 caeco
884 406 994 434 laxavit
1008 414 1119 433 carcere
1132 413 1226 442 nuper

593 455 760 493 Neptunus,
776 454 856 483 duris
869 453 945 482 illisa
958 457 1002 481 est
1016 451 1121 490 Bargia
1134 451 1219 480 saxis.

379 523 519 557 Floruit
536 532 629 556 anno
648 528 892 554 MCDLXXIII.

656 633 912 669 INCERTUS
938 631 1258 668 THEOLOGUS.
1313 634 1395 670 731.

330 752 538 786 INCERTUS
557 751 702 796 quidam
721 749 858 789 Scotus,
878 748 935 783 vir
955 748 1154 795 religiosuS‚
1180 752 1226 788 et,
1254 752 1294 782 ut
1319 752 1418 791 puto,
1447 746 1714 784 Franciscanus‚

330 809 441 844 edidit
459 808 607 849 Romae,

478 865 785 901 Consultationem
812 863 1065 909 Theologicam
1091 867 1126 897 et
1156 862 1354 902 Polifflcam,
1380 861 1442 896 An
1468 862 1562 896 inter
1588 860 1718 894 Hem-i-

525 934 606 958 cum
634 922 786 956 *Walliae
816 920 1030 965 Principem,
1062 924 1097 954 et
1126 919 1343 954 Eleonoram
1373 920 1494 965 magni
1526 917 1720 952 Hetruriae

528 980 641 1014 Ducis
656 980 830 1018 Sororem,
845 978 1024 1023 legitimae
1038 979 1113 1011 sine
1127 977 1208 1011 fidei
1222 977 1407 1021 dispendio
1418 977 1564 1021 nuptiae
1577 979 1720 1020 possent

527 1037 700 1077 contrahi,
740 1036 800 1070 lib.
833 1044 858 1069 Ι.
909 1034 995 1069 Vidi
1026 1034 1162 1069 Romae
1197 1034 1293 1078 apud
1323 1034 1606 1068 illustrissimum
1636 1031 1721 1065 Phi-

527 1095 728 1130 lonardium
746 1093 781 1127 S.
802 1093 846 1127 R.
866 1092 911 1126 E.
931 1092 1168 1126 cardinalem:
1194 1102 1282 1135 opus
1306 1091 1408 1125 aiunt
1431 1091 1613 1125 eruditum
1635 1100 1720 1128 esse,

526 1157 560 1187 et
580 1152 691 1196 pium.

380 1210 529 1255 Scripsit
546 1220 640 1243 anno
659 1217 824 1243 MDcxn.

822 1322 867 1356 B.
895 1320 1092 1359 ISRAEL.
1147 1324 1229 1359 732.

332 1440 374 1473 Β.
408 1439 571 1478 IsRAEL‚
602 1437 729 1472 Ottoni
761 1437 877 1481 primo
909 1436 1115 1480 imperatori
1146 1436 1362 1476 carissimus,
1381 1436 1438 1470 ‹ab
1468 1447 1509 1470 eo
1539 1435 1722 1480 episcopus

331 1490 576 1535 renunciatus‚'
585 1495 622 1529 S.
634 1494 828 1535 Brunonis,
840 1493 1094 1537 archiepiscopi
1108 1493 1341 1534 Coloniensis,
1357 1498 1573 1538 praeceptor.
1610 1493 1724 1526 Roth-

331 1564 436 1600 gerus
455 1552 721 1591 Benedictinus,
739 1551 914 1596 quivixit
939 1551 1032 1584 cirea
1057 1561 1192 1585 annum
1217 1551 1343 1585 salutis
1371 1559 1475 1585 MXL.
1502 1551 1541 1584 in
1566 1550 1723 1595 ejusdem

330 1611 418 1646 Vita
434 1621 509 1655 cap.
529 1618 584 1644 Ἦ.
602 1609 698 1654 apud
715 1608 862 1643 Surium
878 1613 966 1642 tom.
988 1617 1025 1641 v.
1051 1612 1072 1627 “
1090 1607 1202 1643 Israel
1219 1608 1416 1653 episcopus,
1436 1607 1635 1654 Scofigena,
1654 1608 1720 1641 sub

331 1670 432 1716 cujus
456 1668 663 1714 magisterio
691 1666 956 1701 illustrissimus
982 1666 1050 1707 hic,
1083 1666 1126 1700 de
1151 1678 1223 1712 quo
1248 1667 1440 1711 loquimur,
1466 1666 1661 1710 plurimum
1689 1677 1725 1699 se

331 1726 520 1771 profecisse
548 1729 700 1760 testatus
728 1729 793 1765 est,
826 1724 869 1757 de
899 1723 1058 1758 moribus
1088 1724 1202 1768 ipsius
1227 1724 1421 1769 requisitus
1449 1735 1470 1758 a
1499 1723 1724 1768 quibusdam,

332 1781 421 1829 quos
444 1783 513 1828 ipsi
539 1783 755 1823 audivimus,
783 1785 945 1816 sanctum
972 1792 1052 1815 eum
1080 1781 1240 1825 apprime
1266 1781 1385 1815 virum
1411 1792 1487 1815 esse
1512 1780 1726 1824 respondit.”

333 1841 408 1876 Nec
438 1842 481 1876 de
511 1841 572 1875 illo
603 1840 686 1874 alibi
712 1841 828 1886 legere
859 1838 1018 1879 memini,
1049 1843 1112 1873 aut
1141 1838 1203 1872 ubi
1230 1839 1378 1873 antistes
1404 1838 1534 1873 sederit
1559 1838 1723 1881 comperi.

333 1898 484 1943 Scripsit

481 1954 664 1999 Epistolas
684 1955 729 1988 ad
746 1953 917 1988 Ottonem
934 1952 1144 2000 Augustum
1290 1953 1351 1987 lib.
1373 1963 1396 1986 1.

384 2012 526 2047 Floruit
543 2023 636 2046 anno
655 2019 885 2046 CMXXXVII.
904 2014 968 2044 aut
985 2010 1135 2045 circiter.

840 2124 863 2158 J
866 2124 972 2159 OAN
974 2124 1010 2158 N
1012 2123 1083 2159 Es.
1137 2125 1219 2163 733.

335 2247 356 2262 “
367 2241 390 2276 J
394 2249 478 2275 OAN
483 2249 559 2275 NES
573 2240 758 2286 episcopus
772 2239 1044 2280 Glascoviensis,
1058 2239 1210 2274 officium
1225 2241 1410 2285 pastorale,
1429 2244 1610 2285 pertaesus
1629 2242 1724 2275 vitae

334 2299 560 2339 monasticae,
587 2298 811 2343 propositum
834 2298 987 2342 arripuit
1011 2298 1049 2331 in
1072 2298 1287 2332 monasterio
1305 2297 1518 2339 Turonensi,
1544 2299 1606 2333 sed
1627 2299 1723 2333 haud

333 2358 440 2401 paulo
457 2361 538 2401 post
555 2356 601 2390 ad
618 2356 798 2390 ecclesiam
816 2366 918 2389 suam
935 2355 1050 2389 redire
1072 2360 1214 2390 coactus
1236 2354 1328 2390 est.'’
1382 2355 1441 2390 Ex
1466 2356 1617 2392 historia
1642 2356 1723 2390 Sco-

337 2415 404 2448 tica
422 2413 606 2448 Arnoldus
624 2412 746 2448 Uvion
764 2413 824 2448 lib.
846 2422 888 2447 11.
907 2424 981 2458 cap.
1000 2421 1116 2447 LVIII.
1169 2412 1262 2460 Ejus
1280 2418 1334 2448 est
