<?xml version="1.0" encoding="UTF-8"?>
<!DOCTYPE html PUBLIC "-//W3C//DTD XHTML 1.0 Transitional//EN"
    "http://www.w3.org/TR/xhtml1/DTD/xhtml1-transitional.dtd">
<html xmlns="http://www.w3.org/1999/xhtml" xml:lang="en" lang="en">
 <head>
  <title>
</title>
<meta http-equiv="Content-Type" content="text/html;charset=utf-8" />
  <meta name='ocr-system' content='tesseract 3.04.00' />
  <meta name='ocr-capabilities' content='ocr_page ocr_carea ocr_par ocr_line ocrx_word'/>
</head>
<body>
  <div class='ocr_page' id='page_1' title='image "./thomaedempster2102dempuoft_0053.png"; bbox 0 0 2060 2848; ppageno 0'>
   <div class='ocr_carea' id='block_1_1' title="bbox 658 295 1696 337">
    <p class='ocr_par' dir='ltr' id='par_1_1' title="bbox 658 295 1696 337">
     <span class='ocr_line' id='line_1_1' title="bbox 658 295 1696 337; baseline -0.01 -3"><span class='ocrx_word' id='word_1_1' title='bbox 658 301 833 334; x_wconf 90' lang='lat' dir='ltr'>GENTIS</span> <span class='ocrx_word' id='word_1_2' title='bbox 858 299 1135 337; x_wconf 86' lang='lat' dir='ltr'>SCOTORUM,</span> <span class='ocrx_word' id='word_1_3' title='bbox 1160 299 1249 330; x_wconf 90' lang='lat' dir='ltr'>LIB.</span> <span class='ocrx_word' id='word_1_4' title='bbox 1274 298 1338 330; x_wconf 88' lang='lat' dir='ltr'>IX.</span> <span class='ocrx_word' id='word_1_5' title='bbox 1633 295 1696 327; x_wconf 78' lang='lat'>375</span> 
     </span>
    </p>
   </div>
   <div class='ocr_carea' id='block_1_2' title="bbox 311 390 1709 1291">
    <p class='ocr_par' dir='ltr' id='par_1_2' title="bbox 311 390 1706 1119">
     <span class='ocr_line' id='line_1_2' title="bbox 313 390 1696 439; baseline -0.007 -6"><span class='ocrx_word' id='word_1_6' title='bbox 313 399 483 434; x_wconf 88' lang='lat' dir='ltr'>Ferchius</span> <span class='ocrx_word' id='word_1_7' title='bbox 497 406 535 431; x_wconf 91' lang='lat' dir='ltr'>V.</span> <span class='ocrx_word' id='word_1_8' title='bbox 551 405 613 431; x_wconf 86' lang='lat' dir='ltr'>CL.</span> <span class='ocrx_word' id='word_1_9' title='bbox 632 397 766 430; x_wconf 86' lang='lat' dir='ltr'>ordinis</span> <span class='ocrx_word' id='word_1_10' title='bbox 785 395 931 439; x_wconf 90' lang='lat' dir='ltr'>Seraph.</span> <span class='ocrx_word' id='word_1_11' title='bbox 951 395 1078 434; x_wconf 87' lang='lat' dir='ltr'>socius,</span> <span class='ocrx_word' id='word_1_12' title='bbox 1096 394 1134 427; x_wconf 89' lang='lat' dir='ltr'>in</span> <span class='ocrx_word' id='word_1_13' title='bbox 1152 393 1240 427; x_wconf 87' lang='lat' dir='ltr'>Vita</span> <span class='ocrx_word' id='word_1_14' title='bbox 1257 392 1353 425; x_wconf 86' lang='lat' dir='ltr'>Scoti</span> <span class='ocrx_word' id='word_1_15' title='bbox 1372 402 1447 435; x_wconf 86' lang='lat' dir='ltr'>cap.</span> <span class='ocrx_word' id='word_1_16' title='bbox 1467 401 1527 425; x_wconf 93' lang='lat'>111.</span> <span class='ocrx_word' id='word_1_17' title='bbox 1548 396 1568 411; x_wconf 92' lang='lat'>⁶⁶</span> <span class='ocrx_word' id='word_1_18' title='bbox 1583 391 1618 424; x_wconf 90' lang='lat' dir='ltr'>S.</span> <span class='ocrx_word' id='word_1_19' title='bbox 1637 390 1661 423; x_wconf 88' lang='lat' dir='ltr'><strong>J</strong></span> <span class='ocrx_word' id='word_1_20' title='bbox 1663 401 1696 424; x_wconf 95' lang='lat' dir='ltr'>o-</span> 
     </span>
     <span class='ocr_line' id='line_1_3' title="bbox 312 448 1698 496; baseline -0.006 -6"><span class='ocrx_word' id='word_1_21' title='bbox 312 467 419 490; x_wconf 87' lang='lat' dir='ltr'>annes</span> <span class='ocrx_word' id='word_1_22' title='bbox 438 455 563 489; x_wconf 89' lang='lat' dir='ltr'>Scotus</span> <span class='ocrx_word' id='word_1_23' title='bbox 581 453 787 493; x_wconf 88' lang='lat' dir='ltr'>monachus,</span> <span class='ocrx_word' id='word_1_24' title='bbox 814 453 997 496; x_wconf 87' lang='lat' dir='ltr'>episcopus</span> <span class='ocrx_word' id='word_1_25' title='bbox 1016 450 1361 496; x_wconf 86' lang='lat' dir='ltr'>Mykeleburgensis,</span> <span class='ocrx_word' id='word_1_26' title='bbox 1386 460 1448 483; x_wconf 86' lang='lat' dir='ltr'>seu</span> <span class='ocrx_word' id='word_1_27' title='bbox 1473 448 1698 494; x_wconf 88' lang='lat' dir='ltr'>Magnopoli-</span> 
     </span>
     <span class='ocr_line' id='line_1_4' title="bbox 312 505 1696 547; baseline -0.006 -1"><span class='ocrx_word' id='word_1_28' title='bbox 312 513 451 547; x_wconf 84' lang='lat' dir='ltr'>tanus.’&#39;</span> <span class='ocrx_word' id='word_1_29' title='bbox 489 511 640 545; x_wconf 89' lang='lat' dir='ltr'>Arnold.</span> <span class='ocrx_word' id='word_1_30' title='bbox 657 510 826 544; x_wconf 88' lang='lat' dir='ltr'>Mirman.</span> <span class='ocrx_word' id='word_1_31' title='bbox 843 509 971 543; x_wconf 89' lang='lat' dir='ltr'>Theat.</span> <span class='ocrx_word' id='word_1_32' title='bbox 987 509 1156 542; x_wconf 89' lang='lat' dir='ltr'>Convers.</span> <span class='ocrx_word' id='word_1_33' title='bbox 1169 507 1274 541; x_wconf 87' lang='lat' dir='ltr'>Gent.</span> <span class='ocrx_word' id='word_1_34' title='bbox 1290 508 1328 540; x_wconf 90' lang='lat' dir='ltr'>in</span> <span class='ocrx_word' id='word_1_35' title='bbox 1342 506 1475 540; x_wconf 91' lang='lat' dir='ltr'>Chron.</span> <span class='ocrx_word' id='word_1_36' title='bbox 1489 505 1696 540; x_wconf 81' lang='lat' dir='ltr'>Chronicor.</span> 
     </span>
     <span class='ocr_line' id='line_1_5' title="bbox 313 563 1700 614; baseline -0.006 -10"><span class='ocrx_word' id='word_1_37' title='bbox 313 574 333 590; x_wconf 89' lang='lat'>‘⁶</span> <span class='ocrx_word' id='word_1_38' title='bbox 351 569 684 614; x_wconf 86' lang='lat' dir='ltr'>Mechelburgenses</span> <span class='ocrx_word' id='word_1_39' title='bbox 713 568 869 612; x_wconf 90' lang='lat' dir='ltr'>primum</span> <span class='ocrx_word' id='word_1_40' title='bbox 900 568 1103 612; x_wconf 89' lang='lat' dir='ltr'>episcopum</span> <span class='ocrx_word' id='word_1_41' title='bbox 1132 566 1335 599; x_wconf 87' lang='lat' dir='ltr'>habuerunt</span> <span class='ocrx_word' id='word_1_42' title='bbox 1358 564 1393 598; x_wconf 90' lang='lat' dir='ltr'>S.</span> <span class='ocrx_word' id='word_1_43' title='bbox 1418 563 1595 598; x_wconf 84' lang='lat' dir='ltr'>Joannem</span> <span class='ocrx_word' id='word_1_44' title='bbox 1619 563 1700 597; x_wconf 90' lang='lat' dir='ltr'>Sco-</span> 
     </span>
     <span class='ocr_line' id='line_1_6' title="bbox 311 619 1701 671; baseline -0.006 -10"><span class='ocrx_word' id='word_1_45' title='bbox 311 633 389 662; x_wconf 90' lang='lat' dir='ltr'>tum</span> <span class='ocrx_word' id='word_1_46' title='bbox 407 631 601 671; x_wconf 88' lang='lat' dir='ltr'><strong>martyrem</strong></span> <span class='ocrx_word' id='word_1_47' title='bbox 615 627 643 660; x_wconf 91' lang='lat'>:’&#39;</span> <span class='ocrx_word' id='word_1_48' title='bbox 670 636 713 659; x_wconf 84' lang='lat' dir='ltr'>ex</span> <span class='ocrx_word' id='word_1_49' title='bbox 731 625 919 659; x_wconf 86' lang='lat' dir='ltr'>Munstero</span> <span class='ocrx_word' id='word_1_50' title='bbox 936 625 974 658; x_wconf 81' lang='lat' dir='ltr'>id</span> <span class='ocrx_word' id='word_1_51' title='bbox 991 624 1117 658; x_wconf 74' lang='lat' dir='ltr'>asserit</span> <span class='ocrx_word' id='word_1_52' title='bbox 1134 622 1157 656; x_wconf 91' lang='lat' dir='ltr'><strong>J</strong></span> <span class='ocrx_word' id='word_1_53' title='bbox 1160 633 1290 656; x_wconf 87' lang='lat' dir='ltr'>oannes</span> <span class='ocrx_word' id='word_1_54' title='bbox 1309 621 1528 661; x_wconf 88' lang='lat' dir='ltr'>Gualterius,</span> <span class='ocrx_word' id='word_1_55' title='bbox 1548 621 1604 654; x_wconf 92' lang='lat' dir='ltr'>vir</span> <span class='ocrx_word' id='word_1_56' title='bbox 1621 619 1701 653; x_wconf 90' lang='lat' dir='ltr'>dili-</span> 
     </span>
     <span class='ocr_line' id='line_1_7' title="bbox 311 678 1700 731; baseline -0.005 -13"><span class='ocrx_word' id='word_1_57' title='bbox 311 684 542 731; x_wconf 87' lang='lat' dir='ltr'>gentissimus</span> <span class='ocrx_word' id='word_1_58' title='bbox 566 688 602 717; x_wconf 84' lang='lat' dir='ltr'>et</span> <span class='ocrx_word' id='word_1_59' title='bbox 629 682 866 717; x_wconf 86' lang='lat' dir='ltr'>doctissimus.</span> <span class='ocrx_word' id='word_1_60' title='bbox 919 681 1015 716; x_wconf 89' lang='lat' dir='ltr'>Male</span> <span class='ocrx_word' id='word_1_61' title='bbox 1038 681 1134 715; x_wconf 91' lang='lat' dir='ltr'>hunc</span> <span class='ocrx_word' id='word_1_62' title='bbox 1159 691 1239 714; x_wconf 91' lang='lat' dir='ltr'>cum</span> <span class='ocrx_word' id='word_1_63' title='bbox 1266 679 1442 724; x_wconf 87' lang='lat' dir='ltr'>superiori</span> <span class='ocrx_word' id='word_1_64' title='bbox 1466 678 1700 717; x_wconf 88' lang='lat' dir='ltr'>confundunt,</span> 
     </span>
     <span class='ocr_line' id='line_1_8' title="bbox 312 736 1702 785; baseline -0.006 -9"><span class='ocrx_word' id='word_1_65' title='bbox 312 747 348 777; x_wconf 85' lang='lat' dir='ltr'>et</span> <span class='ocrx_word' id='word_1_66' title='bbox 366 742 403 775; x_wconf 91' lang='lat' dir='ltr'>in</span> <span class='ocrx_word' id='word_1_67' title='bbox 421 741 477 775; x_wconf 89' lang='lat' dir='ltr'>his</span> <span class='ocrx_word' id='word_1_68' title='bbox 495 741 571 785; x_wconf 86' lang='lat' dir='ltr'>ipse</span> <span class='ocrx_word' id='word_1_69' title='bbox 589 741 696 775; x_wconf 85' lang='lat' dir='ltr'>etiam</span> <span class='ocrx_word' id='word_1_70' title='bbox 716 738 819 774; x_wconf 88' lang='lat' dir='ltr'>Hect.</span> <span class='ocrx_word' id='word_1_71' title='bbox 839 739 1025 779; x_wconf 86' lang='lat' dir='ltr'>Boethius,</span> <span class='ocrx_word' id='word_1_72' title='bbox 1043 750 1124 773; x_wconf 91' lang='lat' dir='ltr'>cum</span> <span class='ocrx_word' id='word_1_73' title='bbox 1142 739 1231 772; x_wconf 87' lang='lat' dir='ltr'>alter</span> <span class='ocrx_word' id='word_1_74' title='bbox 1249 738 1345 771; x_wconf 89' lang='lat' dir='ltr'>hunc</span> <span class='ocrx_word' id='word_1_75' title='bbox 1362 736 1591 781; x_wconf 88' lang='lat' dir='ltr'>praecesserit</span> <span class='ocrx_word' id='word_1_76' title='bbox 1612 736 1702 769; x_wconf 86' lang='lat' dir='ltr'>mul-</span> 
     </span>
     <span class='ocr_line' id='line_1_9' title="bbox 314 794 1703 841; baseline -0.005 -8"><span class='ocrx_word' id='word_1_77' title='bbox 314 800 360 834; x_wconf 91' lang='lat' dir='ltr'>tis</span> <span class='ocrx_word' id='word_1_78' title='bbox 379 799 492 839; x_wconf 87' lang='lat' dir='ltr'>annis,</span> <span class='ocrx_word' id='word_1_79' title='bbox 512 809 576 832; x_wconf 88' lang='lat' dir='ltr'>nec</span> <span class='ocrx_word' id='word_1_80' title='bbox 593 799 684 832; x_wconf 89' lang='lat' dir='ltr'>alter</span> <span class='ocrx_word' id='word_1_81' title='bbox 699 797 854 841; x_wconf 87' lang='lat' dir='ltr'>episcopi</span> <span class='ocrx_word' id='word_1_82' title='bbox 872 796 985 830; x_wconf 90' lang='lat' dir='ltr'>officio</span> <span class='ocrx_word' id='word_1_83' title='bbox 1002 796 1146 830; x_wconf 84' lang='lat' dir='ltr'>functus</span> <span class='ocrx_word' id='word_1_84' title='bbox 1164 795 1373 839; x_wconf 85' lang='lat' dir='ltr'>reperiatur.</span> <span class='ocrx_word' id='word_1_85' title='bbox 1428 794 1586 838; x_wconf 84' lang='lat' dir='ltr'>Uterque</span> <span class='ocrx_word' id='word_1_86' title='bbox 1610 797 1703 827; x_wconf 88' lang='lat' dir='ltr'>certe</span> 
     </span>
     <span class='ocr_line' id='line_1_10' title="bbox 316 851 1705 899; baseline -0.005 -8"><span class='ocrx_word' id='word_1_87' title='bbox 316 861 520 891; x_wconf 89' lang='lat' dir='ltr'>sanctorum</span> <span class='ocrx_word' id='word_1_88' title='bbox 555 855 635 890; x_wconf 87' lang='lat' dir='ltr'>albo</span> <span class='ocrx_word' id='word_1_89' title='bbox 669 855 855 899; x_wconf 85' lang='lat' dir='ltr'>ascriptus,</span> <span class='ocrx_word' id='word_1_90' title='bbox 891 854 973 888; x_wconf 84' lang='lat' dir='ltr'>licet</span> <span class='ocrx_word' id='word_1_91' title='bbox 1007 854 1134 887; x_wconf 86' lang='lat' dir='ltr'>sileant</span> <span class='ocrx_word' id='word_1_92' title='bbox 1170 852 1446 897; x_wconf 87' lang='lat' dir='ltr'>martyrologia:</span> <span class='ocrx_word' id='word_1_93' title='bbox 1484 851 1543 885; x_wconf 88' lang='lat' dir='ltr'>hic</span> <span class='ocrx_word' id='word_1_94' title='bbox 1577 851 1705 885; x_wconf 88' lang='grc'><strong>00111111·</strong></span> 
     </span>
     <span class='ocr_line' id='line_1_11' title="bbox 316 909 1703 948; baseline -0.004 -1"><span class='ocrx_word' id='word_1_95' title='bbox 316 923 369 948; x_wconf 89' lang='lat' dir='ltr'>IV.</span> <span class='ocrx_word' id='word_1_96' title='bbox 400 913 481 947; x_wconf 87' lang='lat' dir='ltr'>idus</span> <span class='ocrx_word' id='word_1_97' title='bbox 508 912 734 947; x_wconf 90' lang='lat' dir='ltr'>Novembris.</span> <span class='ocrx_word' id='word_1_98' title='bbox 804 911 943 945; x_wconf 87' lang='lat' dir='ltr'>Albert.</span> <span class='ocrx_word' id='word_1_99' title='bbox 974 910 1117 945; x_wconf 87' lang='lat' dir='ltr'>Staden.</span> <span class='ocrx_word' id='word_1_100' title='bbox 1146 910 1278 944; x_wconf 91' lang='lat' dir='ltr'>Chron.</span> <span class='ocrx_word' id='word_1_101' title='bbox 1311 909 1356 943; x_wconf 89' lang='lat' dir='ltr'>ad</span> <span class='ocrx_word' id='word_1_102' title='bbox 1387 920 1520 943; x_wconf 84' lang='lat' dir='ltr'>aunum</span> <span class='ocrx_word' id='word_1_103' title='bbox 1554 916 1703 942; x_wconf 86' lang='lat' dir='ltr'>MLXVI.</span> 
     </span>
     <span class='ocr_line' id='line_1_12' title="bbox 317 965 1706 1013; baseline -0.004 -9"><span class='ocrx_word' id='word_1_104' title='bbox 317 971 528 1005; x_wconf 87' lang='lat' dir='ltr'>Helmoldus</span> <span class='ocrx_word' id='word_1_105' title='bbox 552 970 685 1004; x_wconf 88' lang='lat' dir='ltr'>Chron.</span> <span class='ocrx_word' id='word_1_106' title='bbox 712 969 867 1003; x_wconf 86' lang='lat' dir='ltr'>Sclavor.</span> <span class='ocrx_word' id='word_1_107' title='bbox 893 969 953 1003; x_wconf 88' lang='lat' dir='ltr'>lib.</span> <span class='ocrx_word' id='word_1_108' title='bbox 982 977 1007 1002; x_wconf 93' lang='lat'>1.</span> <span class='ocrx_word' id='word_1_109' title='bbox 1035 979 1111 1012; x_wconf 86' lang='lat' dir='ltr'>cap.</span> <span class='ocrx_word' id='word_1_110' title='bbox 1141 976 1265 1001; x_wconf 90' lang='lat' dir='ltr'>XXIII.</span> <span class='ocrx_word' id='word_1_111' title='bbox 1293 967 1434 1013; x_wconf 79' lang='lat' dir='ltr'>Krantz</span> <span class='ocrx_word' id='word_1_112' title='bbox 1462 967 1523 1000; x_wconf 86' lang='lat' dir='ltr'>lib.</span> <span class='ocrx_word' id='word_1_113' title='bbox 1551 975 1604 999; x_wconf 89' lang='lat' dir='ltr'>IV.</span> <span class='ocrx_word' id='word_1_114' title='bbox 1630 965 1706 999; x_wconf 91' lang='lat' dir='ltr'>Me-</span> 
     </span>
     <span class='ocr_line' id='line_1_13' title="bbox 317 1024 1706 1072; baseline -0.004 -10"><span class='ocrx_word' id='word_1_115' title='bbox 317 1034 408 1072; x_wconf 86' lang='lat' dir='ltr'>trop.</span> <span class='ocrx_word' id='word_1_116' title='bbox 428 1038 503 1071; x_wconf 86' lang='lat' dir='ltr'>cap.</span> <span class='ocrx_word' id='word_1_117' title='bbox 523 1036 643 1061; x_wconf 87' lang='lat' dir='ltr'>XLIII.</span> <span class='ocrx_word' id='word_1_118' title='bbox 693 1026 754 1060; x_wconf 93' lang='lat' dir='ltr'>An</span> <span class='ocrx_word' id='word_1_119' title='bbox 772 1026 908 1071; x_wconf 86' lang='lat' dir='ltr'>aliquid</span> <span class='ocrx_word' id='word_1_120' title='bbox 926 1026 1119 1070; x_wconf 88' lang='lat' dir='ltr'>scripserit,</span> <span class='ocrx_word' id='word_1_121' title='bbox 1137 1025 1266 1065; x_wconf 89' lang='lat' dir='ltr'>nescio,</span> <span class='ocrx_word' id='word_1_122' title='bbox 1286 1029 1321 1059; x_wconf 88' lang='lat' dir='ltr'>et</span> <span class='ocrx_word' id='word_1_123' title='bbox 1339 1025 1368 1058; x_wconf 90' lang='lat' dir='ltr'>si</span> <span class='ocrx_word' id='word_1_124' title='bbox 1388 1024 1580 1068; x_wconf 86' lang='lat' dir='ltr'>scripserit,</span> <span class='ocrx_word' id='word_1_125' title='bbox 1600 1034 1706 1067; x_wconf 87' lang='lat' dir='ltr'>opera</span> 
     </span>
     <span class='ocr_line' id='line_1_14' title="bbox 317 1089 542 1119; baseline -0.004 0"><span class='ocrx_word' id='word_1_126' title='bbox 317 1096 388 1119; x_wconf 92' lang='lat' dir='ltr'>non</span> <span class='ocrx_word' id='word_1_127' title='bbox 407 1089 542 1118; x_wconf 78' lang='lat' dir='ltr'>extant.</span> 
     </span>
    </p>

    <p class='ocr_par' dir='ltr' id='par_1_3' title="bbox 317 1137 1709 1291">
     <span class='ocr_line' id='line_1_15' title="bbox 368 1137 1709 1185; baseline -0.004 -9"><span class='ocrx_word' id='word_1_128' title='bbox 368 1142 509 1176; x_wconf 88' lang='lat' dir='ltr'>Floruit</span> <span class='ocrx_word' id='word_1_129' title='bbox 527 1141 594 1175; x_wconf 86' lang='lat' dir='ltr'>sub</span> <span class='ocrx_word' id='word_1_130' title='bbox 613 1141 770 1175; x_wconf 87' lang='lat' dir='ltr'>Henrico</span> <span class='ocrx_word' id='word_1_131' title='bbox 788 1140 852 1175; x_wconf 92' lang='lat' dir='ltr'>IV.</span> <span class='ocrx_word' id='word_1_132' title='bbox 877 1140 1090 1185; x_wconf 88' lang='lat' dir='ltr'>imperatore</span> <span class='ocrx_word' id='word_1_133' title='bbox 1108 1151 1202 1174; x_wconf 90' lang='lat' dir='ltr'>anno</span> <span class='ocrx_word' id='word_1_134' title='bbox 1219 1140 1325 1173; x_wconf 91' lang='lat' dir='ltr'>salut.</span> <span class='ocrx_word' id='word_1_135' title='bbox 1346 1146 1450 1173; x_wconf 88' lang='lat' dir='ltr'>MLX.</span> <span class='ocrx_word' id='word_1_136' title='bbox 1503 1137 1602 1172; x_wconf 89' lang='lat' dir='ltr'>Idem</span> <span class='ocrx_word' id='word_1_137' title='bbox 1628 1137 1709 1171; x_wconf 90' lang='lat' dir='ltr'>Tri-</span> 
     </span>
     <span class='ocr_line' id='line_1_16' title="bbox 317 1195 1707 1243; baseline -0.003 -10"><span class='ocrx_word' id='word_1_138' title='bbox 317 1199 495 1239; x_wconf 84' lang='lat' dir='ltr'>themius3</span> <span class='ocrx_word' id='word_1_139' title='bbox 526 1200 583 1233; x_wconf 93' lang='lat' dir='ltr'>vel</span> <span class='ocrx_word' id='word_1_140' title='bbox 600 1210 694 1233; x_wconf 87' lang='lat' dir='ltr'>anno</span> <span class='ocrx_word' id='word_1_141' title='bbox 713 1207 863 1233; x_wconf 87' lang='lat' dir='ltr'>MLXVI.</span> <span class='ocrx_word' id='word_1_142' title='bbox 890 1198 1041 1232; x_wconf 83' lang='lat' dir='ltr'>Arnold.</span> <span class='ocrx_word' id='word_1_143' title='bbox 1066 1197 1188 1231; x_wconf 89' lang='lat' dir='ltr'>Uvion</span> <span class='ocrx_word' id='word_1_144' title='bbox 1211 1198 1272 1231; x_wconf 88' lang='lat' dir='ltr'>lib.</span> <span class='ocrx_word' id='word_1_145' title='bbox 1293 1206 1353 1231; x_wconf 90' lang='lat'>111.</span> <span class='ocrx_word' id='word_1_146' title='bbox 1373 1197 1482 1243; x_wconf 87' lang='lat' dir='ltr'>Ligni</span> <span class='ocrx_word' id='word_1_147' title='bbox 1501 1195 1609 1231; x_wconf 86' lang='lat' dir='ltr'>Vitae</span> <span class='ocrx_word' id='word_1_148' title='bbox 1626 1206 1707 1241; x_wconf 89' lang='lat' dir='ltr'>pag.</span> 
     </span>
     <span class='ocr_line' id='line_1_17' title="bbox 321 1255 1347 1291; baseline -0.002 -1"><span class='ocrx_word' id='word_1_149' title='bbox 321 1265 509 1291; x_wconf 85' lang='lat' dir='ltr'>CCCLXVI.</span> <span class='ocrx_word' id='word_1_150' title='bbox 555 1256 643 1291; x_wconf 88' lang='lat' dir='ltr'>Post</span> <span class='ocrx_word' id='word_1_151' title='bbox 661 1267 741 1291; x_wconf 90' lang='lat' dir='ltr'>eum</span> <span class='ocrx_word' id='word_1_152' title='bbox 762 1264 938 1290; x_wconf 83' lang='lat' dir='ltr'>LXXXIV.</span> <span class='ocrx_word' id='word_1_153' title='bbox 957 1256 1060 1290; x_wconf 89' lang='lat' dir='ltr'>annis</span> <span class='ocrx_word' id='word_1_154' title='bbox 1078 1256 1176 1289; x_wconf 82' lang='lat' dir='ltr'>sedes</span> <span class='ocrx_word' id='word_1_155' title='bbox 1195 1255 1347 1289; x_wconf 86' lang='lat' dir='ltr'>vacavit.</span> 
     </span>
    </p>
   </div>
   <div class='ocr_carea' id='block_1_3' title="bbox 828 1369 1196 1408">
    <p class='ocr_par' dir='ltr' id='par_1_4' title="bbox 828 1369 1196 1408">
     <span class='ocr_line' id='line_1_18' title="bbox 828 1369 1196 1408; baseline 0 -4"><span class='ocrx_word' id='word_1_156' title='bbox 828 1370 864 1404; x_wconf 88' lang='lat' dir='ltr'>S.</span> <span class='ocrx_word' id='word_1_157' title='bbox 890 1369 1060 1404; x_wconf 87' lang='lat' dir='ltr'>JONAS.</span> <span class='ocrx_word' id='word_1_158' title='bbox 1115 1369 1196 1408; x_wconf 83' lang='lat'>705.</span> 
     </span>
    </p>
   </div>
   <div class='ocr_carea' id='block_1_4' title="bbox 323 1483 1722 2446">
    <p class='ocr_par' dir='ltr' id='par_1_5' title="bbox 323 1483 1722 2446">
     <span class='ocr_line' id='line_1_19' title="bbox 324 1483 1713 1529; baseline -0.002 -9"><span class='ocrx_word' id='word_1_159' title='bbox 324 1486 358 1521; x_wconf 89' lang='lat' dir='ltr'>S.</span> <span class='ocrx_word' id='word_1_160' title='bbox 378 1487 402 1521; x_wconf 84' lang='lat' dir='ltr'>J</span> <span class='ocrx_word' id='word_1_161' title='bbox 406 1494 510 1520; x_wconf 84' lang='lat' dir='ltr'>ONAS</span> <span class='ocrx_word' id='word_1_162' title='bbox 528 1486 733 1526; x_wconf 83' lang='lat' dir='ltr'>monachus,</span> <span class='ocrx_word' id='word_1_163' title='bbox 755 1485 800 1518; x_wconf 96' lang='lat' dir='ltr'>D.</span> <span class='ocrx_word' id='word_1_164' title='bbox 820 1484 1032 1518; x_wconf 86' lang='lat' dir='ltr'>Columbani</span> <span class='ocrx_word' id='word_1_165' title='bbox 1051 1485 1257 1529; x_wconf 89' lang='lat' dir='ltr'>discipulus,</span> <span class='ocrx_word' id='word_1_166' title='bbox 1284 1489 1319 1519; x_wconf 91' lang='lat' dir='ltr'>et</span> <span class='ocrx_word' id='word_1_167' title='bbox 1342 1485 1379 1518; x_wconf 91' lang='lat' dir='ltr'>in</span> <span class='ocrx_word' id='word_1_168' title='bbox 1404 1483 1550 1524; x_wconf 89' lang='lat' dir='ltr'>Gallica,</span> <span class='ocrx_word' id='word_1_169' title='bbox 1569 1484 1713 1518; x_wconf 86' lang='lat' dir='ltr'>Britan-</span> 
     </span>
     <span class='ocr_line' id='line_1_20' title="bbox 323 1542 1711 1587; baseline -0.002 -9"><span class='ocrx_word' id='word_1_170' title='bbox 323 1545 412 1584; x_wconf 89' lang='lat' dir='ltr'>nica,</span> <span class='ocrx_word' id='word_1_171' title='bbox 431 1543 591 1583; x_wconf 87' lang='lat' dir='ltr'>Suevica,</span> <span class='ocrx_word' id='word_1_172' title='bbox 612 1543 806 1587; x_wconf 80' lang='lat' dir='ltr'>Italicaque</span> <span class='ocrx_word' id='word_1_173' title='bbox 832 1542 1117 1587; x_wconf 87' lang='lat' dir='ltr'>peregrinatione</span> <span class='ocrx_word' id='word_1_174' title='bbox 1143 1542 1351 1576; x_wconf 89' lang='lat' dir='ltr'>individuus</span> <span class='ocrx_word' id='word_1_175' title='bbox 1378 1553 1493 1576; x_wconf 84' lang='lat' dir='ltr'>comes</span> <span class='ocrx_word' id='word_1_176' title='bbox 1520 1553 1559 1575; x_wconf 88' lang='grc'>30</span> <span class='ocrx_word' id='word_1_177' title='bbox 1585 1542 1711 1575; x_wconf 82' lang='grc'><strong>5001115.</strong></span> 
     </span>
     <span class='ocr_line' id='line_1_21' title="bbox 324 1598 1712 1644; baseline -0.001 -9"><span class='ocrx_word' id='word_1_178' title='bbox 324 1601 546 1635; x_wconf 80' lang='lat' dir='ltr'>Bibliotheca</span> <span class='ocrx_word' id='word_1_179' title='bbox 575 1600 726 1634; x_wconf 89' lang='lat' dir='ltr'>Patrum</span> <span class='ocrx_word' id='word_1_180' title='bbox 758 1600 850 1634; x_wconf 85' lang='lat' dir='ltr'>Min.</span> <span class='ocrx_word' id='word_1_181' title='bbox 911 1598 935 1632; x_wconf 85' lang='lat' dir='ltr'>J</span> <span class='ocrx_word' id='word_1_182' title='bbox 938 1610 1016 1633; x_wconf 88' lang='grc'><strong>0311.</strong></span> <span class='ocrx_word' id='word_1_183' title='bbox 1049 1599 1225 1634; x_wconf 86' lang='lat' dir='ltr'>Gualterii</span> <span class='ocrx_word' id='word_1_184' title='bbox 1255 1599 1389 1633; x_wconf 90' lang='lat' dir='ltr'>Chron.</span> <span class='ocrx_word' id='word_1_185' title='bbox 1426 1599 1591 1633; x_wconf 87' lang='lat' dir='ltr'>Chronic.</span> <span class='ocrx_word' id='word_1_186' title='bbox 1631 1610 1712 1644; x_wconf 86' lang='lat' dir='ltr'>pag.</span> 
     </span>
     <span class='ocr_line' id='line_1_22' title="bbox 325 1656 1714 1701; baseline -0.001 -9"><span class='ocrx_word' id='word_1_187' title='bbox 325 1667 494 1692; x_wconf 82' lang='lat' dir='ltr'>DCDXCI.</span> <span class='ocrx_word' id='word_1_188' title='bbox 514 1663 535 1678; x_wconf 94' lang='lat'>‘⁶</span> <span class='ocrx_word' id='word_1_189' title='bbox 552 1658 664 1692; x_wconf 84' lang='lat' dir='ltr'>Jonas</span> <span class='ocrx_word' id='word_1_190' title='bbox 682 1658 888 1698; x_wconf 87' lang='lat' dir='ltr'>monachus,</span> <span class='ocrx_word' id='word_1_191' title='bbox 908 1661 943 1691; x_wconf 90' lang='lat' dir='ltr'>et</span> <span class='ocrx_word' id='word_1_192' title='bbox 961 1658 1155 1701; x_wconf 87' lang='lat' dir='ltr'>discipulus</span> <span class='ocrx_word' id='word_1_193' title='bbox 1174 1656 1209 1690; x_wconf 88' lang='lat' dir='ltr'>S.</span> <span class='ocrx_word' id='word_1_194' title='bbox 1229 1656 1453 1696; x_wconf 89' lang='lat' dir='ltr'>Columbani,</span> <span class='ocrx_word' id='word_1_195' title='bbox 1472 1657 1615 1690; x_wconf 85' lang='lat' dir='ltr'>natione</span> <span class='ocrx_word' id='word_1_196' title='bbox 1634 1656 1714 1690; x_wconf 88' lang='lat' dir='ltr'>Sco-</span> 
     </span>
     <span class='ocr_line' id='line_1_23' title="bbox 326 1715 1715 1756; baseline -0.003 -5"><span class='ocrx_word' id='word_1_197' title='bbox 326 1722 396 1756; x_wconf 85' lang='lat' dir='ltr'>tus,</span> <span class='ocrx_word' id='word_1_198' title='bbox 413 1717 469 1750; x_wconf 88' lang='lat' dir='ltr'>vir</span> <span class='ocrx_word' id='word_1_199' title='bbox 482 1717 675 1756; x_wconf 84' lang='lat' dir='ltr'>studiosus,</span> <span class='ocrx_word' id='word_1_200' title='bbox 690 1716 862 1754; x_wconf 78' lang='lat' dir='ltr'>eruditus,</span> <span class='ocrx_word' id='word_1_201' title='bbox 881 1726 921 1748; x_wconf 89' lang='grc'>30</span> <span class='ocrx_word' id='word_1_202' title='bbox 938 1715 1085 1748; x_wconf 85' lang='lat' dir='ltr'>scientia</span> <span class='ocrx_word' id='word_1_203' title='bbox 1102 1716 1229 1755; x_wconf 87' lang='lat' dir='ltr'>clarus,</span> <span class='ocrx_word' id='word_1_204' title='bbox 1246 1719 1281 1748; x_wconf 89' lang='lat' dir='ltr'>et</span> <span class='ocrx_word' id='word_1_205' title='bbox 1295 1726 1365 1748; x_wconf 91' lang='lat' dir='ltr'>non</span> <span class='ocrx_word' id='word_1_206' title='bbox 1380 1715 1499 1748; x_wconf 91' lang='lat' dir='ltr'>minus</span> <span class='ocrx_word' id='word_1_207' title='bbox 1517 1715 1715 1748; x_wconf 84' lang='lat' dir='ltr'>eruditione</span> 
     </span>
     <span class='ocr_line' id='line_1_24' title="bbox 326 1771 1714 1818; baseline -0.001 -11"><span class='ocrx_word' id='word_1_208' title='bbox 326 1785 432 1818; x_wconf 89' lang='lat' dir='ltr'>quam</span> <span class='ocrx_word' id='word_1_209' title='bbox 459 1774 647 1807; x_wconf 88' lang='lat' dir='ltr'>sanctitate</span> <span class='ocrx_word' id='word_1_210' title='bbox 674 1773 855 1818; x_wconf 86' lang='lat' dir='ltr'>insignis,”</span> <span class='ocrx_word' id='word_1_211' title='bbox 880 1783 923 1806; x_wconf 82' lang='lat' dir='ltr'>ex</span> <span class='ocrx_word' id='word_1_212' title='bbox 950 1771 1151 1805; x_wconf 87' lang='lat' dir='ltr'>Trithemio</span> <span class='ocrx_word' id='word_1_213' title='bbox 1169 1772 1219 1805; x_wconf 89' lang='lat' dir='ltr'>ait</span> <span class='ocrx_word' id='word_1_214' title='bbox 1238 1771 1404 1805; x_wconf 87' lang='lat' dir='ltr'>Balaeus.</span> <span class='ocrx_word' id='word_1_215' title='bbox 1455 1771 1561 1805; x_wconf 87' lang='lat' dir='ltr'>Alius</span> <span class='ocrx_word' id='word_1_216' title='bbox 1583 1772 1628 1805; x_wconf 90' lang='lat' dir='ltr'>ab</span> <span class='ocrx_word' id='word_1_217' title='bbox 1654 1773 1714 1805; x_wconf 89' lang='lat' dir='ltr'>illo</span> 
     </span>
     <span class='ocr_line' id='line_1_25' title="bbox 327 1828 1715 1875; baseline -0.001 -11"><span class='ocrx_word' id='word_1_218' title='bbox 327 1842 432 1875; x_wconf 88' lang='lat' dir='ltr'>quem</span> <span class='ocrx_word' id='word_1_219' title='bbox 460 1831 605 1864; x_wconf 86' lang='lat' dir='ltr'>ecclesia</span> <span class='ocrx_word' id='word_1_220' title='bbox 631 1835 822 1864; x_wconf 89' lang='lat' dir='ltr'>veneratur</span> <span class='ocrx_word' id='word_1_221' title='bbox 846 1830 903 1863; x_wconf 88' lang='lat' dir='ltr'>die</span> <span class='ocrx_word' id='word_1_222' title='bbox 932 1838 1038 1863; x_wconf 88' lang='lat' dir='ltr'>XXII.</span> <span class='ocrx_word' id='word_1_223' title='bbox 1066 1828 1294 1872; x_wconf 83' lang='lat' dir='ltr'>Septembris,</span> <span class='ocrx_word' id='word_1_224' title='bbox 1322 1828 1451 1862; x_wconf 88' lang='lat' dir='ltr'>Petrus</span> <span class='ocrx_word' id='word_1_225' title='bbox 1480 1830 1517 1862; x_wconf 91' lang='lat' dir='ltr'>in</span> <span class='ocrx_word' id='word_1_226' title='bbox 1544 1828 1715 1874; x_wconf 87' lang='lat' dir='ltr'>Catalogo</span> 
     </span>
     <span class='ocr_line' id='line_1_26' title="bbox 328 1886 1713 1932; baseline -0.001 -11"><span class='ocrx_word' id='word_1_227' title='bbox 328 1888 388 1921; x_wconf 90' lang='lat' dir='ltr'>lib.</span> <span class='ocrx_word' id='word_1_228' title='bbox 408 1896 498 1921; x_wconf 89' lang='lat' dir='ltr'>V111.</span> <span class='ocrx_word' id='word_1_229' title='bbox 517 1899 592 1931; x_wconf 89' lang='lat' dir='ltr'>cap.</span> <span class='ocrx_word' id='word_1_230' title='bbox 613 1896 693 1921; x_wconf 85' lang='lat' dir='ltr'>CVI.</span> <span class='ocrx_word' id='word_1_231' title='bbox 712 1887 798 1920; x_wconf 87' lang='lat' dir='ltr'>item</span> <span class='ocrx_word' id='word_1_232' title='bbox 817 1887 861 1920; x_wconf 92' lang='lat' dir='ltr'>ab</span> <span class='ocrx_word' id='word_1_233' title='bbox 879 1898 919 1920; x_wconf 89' lang='lat' dir='ltr'>eo</span> <span class='ocrx_word' id='word_1_234' title='bbox 937 1887 1038 1932; x_wconf 88' lang='lat' dir='ltr'>cujus</span> <span class='ocrx_word' id='word_1_235' title='bbox 1057 1886 1263 1919; x_wconf 85' lang='lat' dir='ltr'>memoriam</span> <span class='ocrx_word' id='word_1_236' title='bbox 1281 1887 1403 1920; x_wconf 89' lang='lat' dir='ltr'>recolit</span> <span class='ocrx_word' id='word_1_237' title='bbox 1428 1887 1571 1920; x_wconf 85' lang='lat' dir='ltr'>ecclesia</span> <span class='ocrx_word' id='word_1_238' title='bbox 1595 1892 1713 1919; x_wconf 60' lang='lat' dir='ltr'>XXIX}</span> 
     </span>
     <span class='ocr_line' id='line_1_27' title="bbox 330 1942 1717 1989; baseline -0.001 -11"><span class='ocrx_word' id='word_1_239' title='bbox 330 1945 455 1978; x_wconf 83' lang='lat' dir='ltr'>Martii</span> <span class='ocrx_word' id='word_1_240' title='bbox 470 1954 479 1984; x_wconf 91' lang='lat'>;</span> <span class='ocrx_word' id='word_1_241' title='bbox 508 1949 584 1978; x_wconf 83' lang='lat' dir='ltr'>erat</span> <span class='ocrx_word' id='word_1_242' title='bbox 601 1945 695 1978; x_wconf 89' lang='lat' dir='ltr'>enim</span> <span class='ocrx_word' id='word_1_243' title='bbox 713 1945 771 1978; x_wconf 92' lang='lat' dir='ltr'>ille</span> <span class='ocrx_word' id='word_1_244' title='bbox 790 1949 937 1988; x_wconf 89' lang='lat' dir='ltr'>martyr,</span> <span class='ocrx_word' id='word_1_245' title='bbox 956 1943 1022 1977; x_wconf 91' lang='lat' dir='ltr'>sub</span> <span class='ocrx_word' id='word_1_246' title='bbox 1040 1942 1172 1986; x_wconf 87' lang='lat' dir='ltr'>Sapore</span> <span class='ocrx_word' id='word_1_247' title='bbox 1189 1954 1271 1989; x_wconf 85' lang='lat' dir='ltr'>rege</span> <span class='ocrx_word' id='word_1_248' title='bbox 1290 1943 1492 1983; x_wconf 83' lang='lat' dir='ltr'>Persarum,</span> <span class='ocrx_word' id='word_1_249' title='bbox 1511 1955 1590 1977; x_wconf 91' lang='lat' dir='ltr'>cum</span> <span class='ocrx_word' id='word_1_250' title='bbox 1605 1943 1717 1977; x_wconf 87' lang='lat' dir='ltr'>Bara-</span> 
     </span>
     <span class='ocr_line' id='line_1_28' title="bbox 330 1999 1721 2046; baseline 0 -11"><span class='ocrx_word' id='word_1_251' title='bbox 330 2002 451 2036; x_wconf 88' lang='lat' dir='ltr'>chisio.</span> <span class='ocrx_word' id='word_1_252' title='bbox 499 2000 656 2035; x_wconf 84' lang='lat' dir='ltr'>Usuardi</span> <span class='ocrx_word' id='word_1_253' title='bbox 675 2001 985 2046; x_wconf 89' lang='lat' dir='ltr'>Martyrologium.</span> <span class='ocrx_word' id='word_1_254' title='bbox 1036 1999 1088 2034; x_wconf 87' lang='lat' dir='ltr'>Et</span> <span class='ocrx_word' id='word_1_255' title='bbox 1105 2005 1225 2034; x_wconf 85' lang='lat' dir='ltr'>tamen</span> <span class='ocrx_word' id='word_1_256' title='bbox 1238 2001 1276 2034; x_wconf 91' lang='lat' dir='ltr'>in</span> <span class='ocrx_word' id='word_1_257' title='bbox 1291 2005 1493 2034; x_wconf 84' lang='lat' dir='ltr'>sanctorum</span> <span class='ocrx_word' id='word_1_258' title='bbox 1509 2002 1641 2035; x_wconf 86' lang='lat' dir='ltr'>relatus</span> <span class='ocrx_word' id='word_1_259' title='bbox 1656 2012 1721 2035; x_wconf 92' lang='lat' dir='ltr'>nu-</span> 
     </span>
     <span class='ocr_line' id='line_1_29' title="bbox 331 2057 1718 2101; baseline 0 -8"><span class='ocrx_word' id='word_1_260' title='bbox 331 2070 482 2093; x_wconf 87' lang='lat' dir='ltr'>merum.</span> <span class='ocrx_word' id='word_1_261' title='bbox 517 2057 669 2091; x_wconf 89' lang='lat' dir='ltr'>Arnold.</span> <span class='ocrx_word' id='word_1_262' title='bbox 688 2057 810 2091; x_wconf 92' lang='lat' dir='ltr'>Uvion</span> <span class='ocrx_word' id='word_1_263' title='bbox 828 2058 888 2091; x_wconf 92' lang='lat' dir='ltr'>lib.</span> <span class='ocrx_word' id='word_1_264' title='bbox 908 2067 951 2091; x_wconf 91' lang='lat'>11.</span> <span class='ocrx_word' id='word_1_265' title='bbox 978 2068 1054 2101; x_wconf 89' lang='lat' dir='ltr'>cap.</span> <span class='ocrx_word' id='word_1_266' title='bbox 1074 2066 1173 2091; x_wconf 85' lang='lat' dir='ltr'>LXX.</span> <span class='ocrx_word' id='word_1_267' title='bbox 1211 2057 1319 2091; x_wconf 93' lang='lat' dir='ltr'>Hunc</span> <span class='ocrx_word' id='word_1_268' title='bbox 1337 2069 1417 2091; x_wconf 91' lang='lat' dir='ltr'>cum</span> <span class='ocrx_word' id='word_1_269' title='bbox 1435 2069 1555 2092; x_wconf 86' lang='lat' dir='ltr'>omnes</span> <span class='ocrx_word' id='word_1_270' title='bbox 1574 2058 1718 2093; x_wconf 88' lang='lat' dir='ltr'>Scotum</span> 
     </span>
     <span class='ocr_line' id='line_1_30' title="bbox 329 2114 1719 2161; baseline 0.001 -12"><span class='ocrx_word' id='word_1_271' title='bbox 329 2116 462 2150; x_wconf 88' lang='lat' dir='ltr'>faciant</span> <span class='ocrx_word' id='word_1_272' title='bbox 480 2126 560 2149; x_wconf 90' lang='lat' dir='ltr'>cum</span> <span class='ocrx_word' id='word_1_273' title='bbox 578 2114 717 2148; x_wconf 87' lang='lat' dir='ltr'>Joanne</span> <span class='ocrx_word' id='word_1_274' title='bbox 735 2114 882 2148; x_wconf 86' lang='lat' dir='ltr'>Leslaeo</span> <span class='ocrx_word' id='word_1_275' title='bbox 907 2115 968 2149; x_wconf 90' lang='lat' dir='ltr'>lib.</span> <span class='ocrx_word' id='word_1_276' title='bbox 988 2123 1042 2149; x_wconf 90' lang='lat' dir='ltr'>IV.</span> <span class='ocrx_word' id='word_1_277' title='bbox 1070 2126 1150 2161; x_wconf 88' lang='lat' dir='ltr'>pag.</span> <span class='ocrx_word' id='word_1_278' title='bbox 1170 2123 1278 2149; x_wconf 84' lang='lat' dir='ltr'>CLVI.</span> <span class='ocrx_word' id='word_1_279' title='bbox 1306 2114 1506 2149; x_wconf 88' lang='lat' dir='ltr'>Cardinalis</span> <span class='ocrx_word' id='word_1_280' title='bbox 1533 2115 1719 2150; x_wconf 87' lang='lat' dir='ltr'>Bellarmi-</span> 
     </span>
     <span class='ocr_line' id='line_1_31' title="bbox 331 2171 1718 2217; baseline 0 -10"><span class='ocrx_word' id='word_1_281' title='bbox 331 2184 397 2207; x_wconf 89' lang='lat' dir='ltr'>nus</span> <span class='ocrx_word' id='word_1_282' title='bbox 416 2173 476 2206; x_wconf 92' lang='lat' dir='ltr'>lib.</span> <span class='ocrx_word' id='word_1_283' title='bbox 497 2173 540 2206; x_wconf 88' lang='lat' dir='ltr'>de</span> <span class='ocrx_word' id='word_1_284' title='bbox 558 2171 766 2216; x_wconf 90' lang='lat' dir='ltr'>Scriptorib.</span> <span class='ocrx_word' id='word_1_285' title='bbox 786 2171 991 2206; x_wconf 84' lang='lat' dir='ltr'>Ecclesiast.</span> <span class='ocrx_word' id='word_1_286' title='bbox 1009 2171 1170 2217; x_wconf 88' lang='lat' dir='ltr'>Anglum</span> <span class='ocrx_word' id='word_1_287' title='bbox 1189 2172 1245 2205; x_wconf 89' lang='lat' dir='ltr'>vel</span> <span class='ocrx_word' id='word_1_288' title='bbox 1271 2171 1472 2206; x_wconf 88' lang='lat' dir='ltr'>Hibernum</span> <span class='ocrx_word' id='word_1_289' title='bbox 1495 2172 1591 2212; x_wconf 87' lang='lat' dir='ltr'>facit,</span> <span class='ocrx_word' id='word_1_290' title='bbox 1610 2174 1718 2213; x_wconf 88' lang='lat' dir='ltr'>nulla,</span> 
     </span>
     <span class='ocr_line' id='line_1_32' title="bbox 330 2228 1720 2275; baseline 0 -11"><span class='ocrx_word' id='word_1_291' title='bbox 330 2230 425 2275; x_wconf 90' lang='lat' dir='ltr'>quod</span> <span class='ocrx_word' id='word_1_292' title='bbox 460 2230 580 2270; x_wconf 89' lang='lat' dir='ltr'>sciam,</span> <span class='ocrx_word' id='word_1_293' title='bbox 614 2230 741 2263; x_wconf 88' lang='lat' dir='ltr'>ductus</span> <span class='ocrx_word' id='word_1_294' title='bbox 772 2230 920 2269; x_wconf 87' lang='lat' dir='ltr'>ratione,</span> <span class='ocrx_word' id='word_1_295' title='bbox 951 2230 1020 2263; x_wconf 88' lang='lat' dir='ltr'>nisi</span> <span class='ocrx_word' id='word_1_296' title='bbox 1051 2229 1142 2263; x_wconf 87' lang='lat' dir='ltr'>forte</span> <span class='ocrx_word' id='word_1_297' title='bbox 1173 2228 1375 2274; x_wconf 88' lang='lat' dir='ltr'>Anglorum</span> <span class='ocrx_word' id='word_1_298' title='bbox 1407 2229 1720 2275; x_wconf 88' lang='lat' dir='ltr'>Hibernorumque</span> 
     </span>
     <span class='ocr_line' id='line_1_33' title="bbox 331 2286 1721 2332; baseline 0.001 -11"><span class='ocrx_word' id='word_1_299' title='bbox 331 2288 512 2326; x_wconf 88' lang='lat' dir='ltr'>relatione,</span> <span class='ocrx_word' id='word_1_300' title='bbox 532 2287 639 2320; x_wconf 86' lang='lat' dir='ltr'>nimis</span> <span class='ocrx_word' id='word_1_301' title='bbox 657 2287 794 2330; x_wconf 85' lang='lat' dir='ltr'>patriae</span> <span class='ocrx_word' id='word_1_302' title='bbox 811 2297 895 2319; x_wconf 86' lang='lat' dir='ltr'>suae</span> <span class='ocrx_word' id='word_1_303' title='bbox 913 2286 1089 2326; x_wconf 88' lang='lat' dir='ltr'>laudibus,</span> <span class='ocrx_word' id='word_1_304' title='bbox 1107 2287 1214 2320; x_wconf 91' lang='lat' dir='ltr'>etiam</span> <span class='ocrx_word' id='word_1_305' title='bbox 1230 2298 1308 2320; x_wconf 89' lang='lat' dir='ltr'>cum</span> <span class='ocrx_word' id='word_1_306' title='bbox 1327 2287 1445 2332; x_wconf 87' lang='lat' dir='ltr'>gentis</span> <span class='ocrx_word' id='word_1_307' title='bbox 1462 2292 1604 2322; x_wconf 88' lang='lat' dir='ltr'>nostrae</span> <span class='ocrx_word' id='word_1_308' title='bbox 1622 2299 1721 2332; x_wconf 86' lang='lat' dir='ltr'>prae-</span> 
     </span>
     <span class='ocr_line' id='line_1_34' title="bbox 329 2343 1722 2390; baseline 0.001 -12"><span class='ocrx_word' id='word_1_309' title='bbox 329 2344 476 2390; x_wconf 86' lang='lat' dir='ltr'>judicio,</span> <span class='ocrx_word' id='word_1_310' title='bbox 502 2343 714 2377; x_wconf 84' lang='lat' dir='ltr'>faventium.</span> <span class='ocrx_word' id='word_1_311' title='bbox 767 2343 835 2377; x_wconf 85' lang='lat' dir='ltr'>Sed</span> <span class='ocrx_word' id='word_1_312' title='bbox 862 2355 927 2389; x_wconf 83' lang='lat' dir='ltr'>ego</span> <span class='ocrx_word' id='word_1_313' title='bbox 953 2343 1043 2377; x_wconf 85' lang='lat' dir='ltr'>dabo</span> <span class='ocrx_word' id='word_1_314' title='bbox 1069 2343 1253 2384; x_wconf 88' lang='lat' dir='ltr'>vindicias,</span> <span class='ocrx_word' id='word_1_315' title='bbox 1279 2349 1315 2379; x_wconf 90' lang='lat' dir='ltr'>et</span> <span class='ocrx_word' id='word_1_316' title='bbox 1340 2344 1434 2379; x_wconf 87' lang='lat' dir='ltr'>cives</span> <span class='ocrx_word' id='word_1_317' title='bbox 1459 2356 1567 2386; x_wconf 85' lang='lat' dir='ltr'>meos,</span> <span class='ocrx_word' id='word_1_318' title='bbox 1593 2344 1722 2380; x_wconf 84' lang='lat' dir='ltr'>fremat</span> 
     </span>
     <span class='ocr_line' id='line_1_35' title="bbox 333 2399 1271 2446; baseline 0.001 -12"><span class='ocrx_word' id='word_1_319' title='bbox 333 2402 414 2435; x_wconf 86' lang='lat' dir='ltr'>licet</span> <span class='ocrx_word' id='word_1_320' title='bbox 432 2405 467 2434; x_wconf 88' lang='lat' dir='ltr'>et</span> <span class='ocrx_word' id='word_1_321' title='bbox 483 2400 624 2434; x_wconf 88' lang='lat' dir='ltr'>frendat</span> <span class='ocrx_word' id='word_1_322' title='bbox 642 2399 795 2441; x_wconf 86' lang='lat' dir='ltr'>Invidia,</span> <span class='ocrx_word' id='word_1_323' title='bbox 813 2411 1005 2445; x_wconf 86' lang='lat' dir='ltr'>reposcam.</span> <span class='ocrx_word' id='word_1_324' title='bbox 1056 2400 1149 2446; x_wconf 88' lang='lat' dir='ltr'>Ejus</span> <span class='ocrx_word' id='word_1_325' title='bbox 1167 2406 1271 2436; x_wconf 85' lang='lat' dir='ltr'>sunt:</span> 
     </span>
    </p>
   </div>
  </div>
 </body>
</html>
