2060 2848
692 296 868 330 GENTlS
893 296 1171 336 SCOTORUM,
1196 297 1286 329 LIB.
1312 298 1376 329 IX.
1674 299 1735 329 381

344 394 490 427 cederet.
534 391 591 425 Ea
604 391 723 425 omnia
737 391 929 425 octodecim
944 391 1057 432 annis,
1069 391 1199 435 quibus
1214 392 1251 425 in
1265 391 1400 437 Anglia
1414 397 1538 436 captus
1553 397 1639 433 erat,
1654 394 1733 427 uni-

343 461 383 484 ca
401 449 548 483 Henrici
567 449 661 494 regis
680 460 764 483 cura
782 449 965 488 addidicit,
983 449 1139 493 dumque
1157 448 1207 482 ibi
1226 453 1358 494 ageret,
1376 449 1415 483 in
1438 460 1578 484 summa
1599 450 1734 497 Anglo-

342 518 421 540 rum
442 507 487 540 ob
504 507 731 552 omnigenam
749 507 845 540 illam
865 506 1101 540 eruditionem
1120 506 1190 540 fuit
1208 506 1453 541 admiratione.
1495 507 1734 547 Quamobrem

341 575 412 598 non
432 564 470 597 in
488 564 735 608 captivitatem
753 564 844 598 forte
862 563 1008 598 fortuna
1025 564 1190 597 incidisse
1208 564 1321 598 videri
1340 565 1474 605 debuit,
1493 565 1554 599 sed
1572 565 1649 599 Deo
1672 566 1734 600 du-

341 626 441 656 cente
460 622 498 655 in
515 622 721 661 maximam,
740 633 830 666 quae
848 621 1059 655 mortalibus
1078 621 1116 654 in
1134 625 1230 655 terra
1248 622 1452 668 contingere
1471 627 1599 667 posset,
1626 622 1735 657 felici-

340 679 484 713 tatem.’'
536 678 741 712 Octodecim
770 690 852 713 eum
883 678 920 712 in
948 677 1150 723 Anglicana
1177 679 1337 712 custodia
1366 690 1477 713 annos
1505 680 1618 725 egisse
1644 680 1735 714 Boe-

341 737 438 771 thius
457 738 545 777 vult,
565 737 625 770 alii
643 737 761 770 decem
781 741 934 776 tantum,
961 741 996 770 et
1021 736 1059 769 in
1085 736 1141 769 his
1168 740 1221 770 est
1248 735 1447 781 Polydorus
1471 736 1646 783 Virgilius
1672 738 1732 771 lib.

342 803 416 827 XII.
438 795 499 838 qui
519 795 618 828 addit
634 804 642 827 :
670 799 691 813 ‘⁶
711 794 830 828 Tanta
847 805 951 828 verae
969 793 1102 839 gloriae
1120 793 1248 837 cupido
1265 792 1289 826 J
1291 793 1439 827 acobum
1457 794 1561 838 cepit,
1579 798 1621 827 ut
1644 795 1734 828 nihil

340 851 487 895 posthac
507 852 690 896 antiquius
708 852 885 891 habuerit,
905 861 1013 896 quam
1030 851 1140 884 bonas
1166 851 1287 885 literas
1313 852 1445 895 passim
1472 852 1645 886 docendas
1672 863 1734 896 per

341 910 436 944 viros
455 910 677 944 doctissimos
695 910 811 955 pretio
829 910 957 944 accitos
975 908 1130 943 curare.'’
1181 908 1318 942 Eadem
1337 909 1408 942 alii.

390 967 586 1002 Persolutis
605 977 640 1002 c.
660 968 756 1001 mille
776 968 915 1006 marcis,
935 968 979 1001 ad
1005 977 1088 1000 suos
1114 966 1295 1005 remissus,
1323 967 1583 1001 tumultuantes
1610 978 1647 1001 se
1674 967 1733 1002 ab·

339 1030 437 1059 sente
455 1036 576 1059 severe
594 1025 744 1069 excepit,
764 1036 804 1058 ac
822 1024 1012 1058 seditiones
1031 1024 1179 1057 sedavit.
1233 1023 1382 1067 Scripsit
1401 1025 1534 1064 multa3
1563 1025 1600 1058 in
1618 1025 1673 1058 his

486 1082 600 1128 Leges
619 1082 851 1126 aequissimas
1228 1081 1289 1114 lib.
1311 1090 1334 1113 Ι.
1387 1081 1410 1114 J
1413 1093 1491 1115 oan.
1511 1081 1690 1116 Leslaeus.

486 1139 600 1184 Super
618 1139 741 1173 Uxore
758 1138 883 1173 futura
1227 1137 1287 1171 lib.
1312 1147 1334 1171 I.
1388 1138 1551 1172 Balaeus.
1652 1126 1664 1141 ¹

485 1196 690 1231 Cantilenas
710 1196 867 1230 Scoticas
1226 1195 1287 1229 lib.
1309 1204 1333 1228 1.

485 1254 691 1299 Rhythmos
709 1253 859 1288 Latinos
1229 1253 1289 1287 lib.
1311 1262 1335 1286 1.

484 1311 538 1345 De
557 1312 698 1345 Musica
1228 1310 1289 1344 lib.
1310 1319 1335 1344 1.
1388 1311 1572 1346 Boethius.

387 1370 523 1414 Captus
554 1374 608 1402 est
638 1380 731 1403 anno
760 1377 952 1402 Mececvl.
982 1369 1204 1413 Redemptus
1234 1369 1279 1402 ad
1307 1379 1411 1402 suum
1440 1380 1589 1415 regnum
1616 1371 1731 1410 rediit,

337 1438 448 1461 uxore
487 1437 605 1460 secum
643 1427 750 1460 ducta
789 1426 962 1460 Clarentii
1000 1427 1099 1461 ducis
1139 1427 1317 1473 privigna,
1351 1438 1445 1461 anno
1477 1436 1731 1462 Mccccxxw.

338 1485 484 1518 Occisus
511 1484 636 1517 Perthi
666 1495 687 1517 a
713 1484 908 1529 conjuratis
945 1484 1205 1530 indignissime,
1237 1496 1330 1519 anno
1363 1493 1649 1520 MCCCCXXXVI.
1683 1498 1733 1520 se-

336 1543 440 1576 dente
458 1542 496 1575 in
514 1541 614 1575 Petri
633 1541 800 1575 cathedra
818 1540 985 1586 Eugenio
1012 1541 1076 1575 IV.
1100 1542 1297 1586 imperante
1322 1541 1483 1583 Alberto,
1513 1542 1732 1577 Francorum

336 1611 418 1646 rege
437 1599 565 1634 Carolo
582 1598 668 1633 VII.
722 1598 774 1633 Et
792 1598 888 1632 haud
906 1603 1039 1633 temere
1065 1599 1173 1633 ullius
1197 1599 1369 1643 principis
1393 1610 1489 1633 mors
1513 1606 1585 1634 tam
1613 1612 1732 1635 severe

335 1658 532 1702 perduelles
550 1657 758 1690 vindicavit.
810 1656 980 1701 Sepultus
999 1657 1043 1690 ad
1072 1655 1330 1691 Carthusianos
1356 1657 1393 1691 in
1420 1657 1623 1692 suburbano
1650 1658 1732 1692 Per-

335 1716 457 1755 thano,
477 1714 572 1759 quod
589 1714 665 1758 ipse
682 1713 937 1748 aedificaverat.

849 1827 1084 1863 JACOBUS.
1140 1832 1220 1867 714.

336 1943 516 1977 JACOBUS
535 1943 584 1977 II.
611 1943 805 1987 superioris
830 1943 873 1977 F.
898 1945 1111 1978 centesimus
1138 1945 1314 1978 secundus
1338 1957 1358 1978 a
1382 1945 1556 1991 Fergusio
1581 1958 1729 1992 regnum

336 2000 427 2040 iniit,
447 2001 542 2045 quod
561 2001 735 2044 supplicio
752 2001 795 2034 de
814 2001 992 2035 seditiosis
1010 2007 1153 2045 sumpto
1172 2007 1337 2045 pacatum
1355 2003 1520 2043 reddidit,
1540 2009 1574 2038 et
1582 2004 1729 2048 'scripsit

487 2057 656 2091 Edictum
676 2058 953 2101 pacificatorium
1231 2059 1291 2093 lib.
1313 2069 1337 2093 1.

386 2115 611 2148 Bombardae
630 2115 836 2148 dissilientis
863 2116 937 2148 ictu
961 2115 999 2149 in
1028 2115 1217 2163 Roxburgi
1243 2118 1425 2152 obsidione
1451 2118 1587 2153 interiit
1614 2128 1730 2154 XXIV.

336 2172 435 2218 regni
455 2172 511 2205 sui
530 2182 634 2211 anno,
654 2171 852 2206 Servatoris
872 2184 955 2206 vero
974 2181 1181 2207 MCCCCLX.

847 2270 870 2303 J
873 2269 1084 2305 ACOBUS.
1140 2274 1222 2309 715.

334 2345 515 2379 JACOBUS
535 2344 600 2378 IV.
619 2344 752 2379 Jacobo
772 2344 841 2379 III.
871 2345 965 2389 patri
992 2345 1036 2379 ab
1062 2346 1295 2390 optimatibus
1321 2348 1491 2397 Sterlingi
1518 2351 1630 2386 occiso
1656 2363 1732 2386 suc-

334 2403 460 2437 cessit:
496 2402 558 2436 diu
593 2401 797 2436 felicissima
833 2402 1143 2438 administratione
1177 2415 1328 2451 regnum
1367 2418 1472 2442 suum
1508 2409 1732 2444 administra-

1013 2469 1042 2494 Η
