2060 2848
692 307 867 342 GENTIS
891 306 1166 344 SCOTORUM,
1190 306 1279 339 LIB.
1301 306 1382 338 XII.
1672 305 1732 335 481

497 404 632 439 Contra
648 402 799 436 Errores
818 401 1014 436 Gentilium
1044 401 1106 434 lib.
1125 409 1150 434 1.
1194 399 1322 434 Boeth.
1341 408 1430 444 opus
1447 399 1677 443 praeclarum,
1698 404 1733 432 et

547 459 571 494 J
573 460 679 494 oanni
697 459 842 492 Molano
860 458 1039 503 Brugensi
1058 458 1254 491 laudatum.

400 517 502 553 Vixit
521 528 613 551 anno
631 524 825 551 cccmnx.

818 612 853 646 S.
881 611 1125 646 MERINUS.
1177 614 1261 651 909.

350 689 386 723 S.
406 688 600 722 MERINUS
618 686 822 727 monachus,
841 686 877 720 S.
896 686 1036 733 Regulo
1054 685 1189 721 Graeco
1205 685 1467 730 perfamiliaris,
1493 685 1555 730 qui
1581 685 1637 719 vel
1663 695 1734 718 una

350 757 430 780 cum
443 746 504 779 illo
517 746 555 779 in
573 745 726 779 Scotiam
745 745 893 788 appulit,
912 745 969 778 vel
986 755 1066 777 cum
1084 744 1142 777 ille
1159 744 1361 788 appelleret,
1379 747 1573 782 strenuam,
1586 741 1735 786 Deoque

350 807 539 847 acceptam,
558 801 775 836 instruendis
797 801 1003 835 Christiana
1018 800 1150 845 pietate
1175 799 1406 844 popularibus
1432 810 1575 845 operam
1600 800 1735 844 impen-

350 860 465 895 debat.
509 859 658 903 Scripsit

498 916 675 950 Homilias
692 916 735 949 de
753 915 890 950 Sanctis
1187 913 1248 948 lib.
1268 922 1292 947 1.

399 974 566 1008 Florebat
583 983 675 1006 anno
693 981 887 1007 cccnxnr.

749 1068 982 1104 JOANNES
1007 1068 1191 1104 MAJOR.
1244 1071 1328 1107 910.

349 1145 372 1179 J
376 1152 540 1179 OANNES
559 1143 689 1189 Major,
707 1144 816 1190 vulgo
835 1143 954 1188 Mayr,
981 1143 1287 1184 Hadintoniensis‚
1307 1143 1492 1189 theologus
1511 1142 1730 1184 Parisiensis,

349 1202 464 1236 socius
482 1200 706 1241 Sorbonicus,
726 1205 748 1221 “
765 1212 852 1235 aevo
869 1212 933 1235 suo
951 1200 1209 1240 doctissimus‚”
1226 1199 1391 1234 Andreas
1408 1200 1539 1241 Duval,
1556 1201 1734 1245 professor

349 1258 572 1298 Sorbonicus,
602 1257 781 1304 Apologia
810 1264 933 1292 contra
962 1257 1181 1297 Richerium,
1211 1257 1326 1291 socius
1353 1258 1462 1292 etiam
1492 1258 1729 1293 Navarraeus.

347 1315 371 1350 J
373 1315 501 1350 acobus
518 1315 685 1349 Breulius
702 1315 922 1360 Antiquitat.
941 1315 1133 1349 Parisiens.
1150 1314 1212 1348 lib.
1228 1323 1271 1348 11.
1288 1325 1369 1360 pag.
1383 1323 1552 1348 Dcnxlv.
1592 1315 1734 1350 Studio-

348 1384 428 1407 rum
447 1383 592 1406 suorum
610 1372 774 1406 tirocinia
790 1372 828 1405 in
845 1371 966 1406 Scotia
981 1371 1064 1405 fecit
1081 1372 1249 1415 primum,
1269 1375 1347 1405 tum
1366 1372 1405 1405 in
1424 1371 1581 1418 Collegio
1599 1371 1734 1406 Christi

348 1429 598 1475 Cantabrigiae
615 1430 653 1463 in
670 1428 818 1475 Anglia‚
833 1434 875 1463 ut
892 1429 967 1473 ipse
983 1428 1118 1463 fatetur
1134 1428 1195 1462 lib.
1215 1437 1241 1462 1.
1261 1428 1399 1463 Histor.
1426 1439 1501 1473 cap.
1521 1437 1558 1463 V.
1585 1428 1733 1463 Parisiis

348 1487 474 1521 deinde
499 1487 619 1520 docuit
647 1497 779 1532 magna
803 1486 959 1520 nominis
984 1486 1197 1520 celebritate.
1250 1485 1405 1520 Demum
1431 1487 1476 1520 ad
1502 1497 1584 1520 suos
1610 1485 1733 1521 Scotos

347 1554 521 1584 reversus,
549 1543 702 1577 doctoris
731 1547 850 1587 partes
881 1542 1064 1583 laboriose,
1091 1554 1155 1577 nec
1180 1543 1256 1577 sine
1282 1554 1422 1577 summa
1450 1544 1595 1589 ingenii,
1626 1548 1668 1577 ut
1693 1555 1735 1577 ea

346 1600 507 1635 ferebant
520 1601 649 1641 secula,
664 1598 805 1646 [laude]
821 1600 1004 1634 sustinuit.
1040 1599 1200 1646 Injurius
1211 1600 1243 1633 ei
1257 1599 1389 1646 Georg.
1404 1599 1657 1641 Buchananus,
1671 1601 1733 1645 qui

346 1658 592 1692 aemulationis
623 1657 741 1691 studio
770 1657 830 1690 lib.
856 1665 881 1689 1.
908 1655 1169 1702 Epigrammat.
1198 1658 1241 1692 de
1266 1669 1318 1697 eo,
1343 1662 1364 1677 “
1388 1658 1426 1692 in
1453 1657 1629 1692 Joannem
1654 1669 1733 1703 cog-

345 1719 512 1750 nomento
529 1714 718 1761 Majorem,
736 1718 778 1748 ut
794 1713 870 1758 ipse
888 1714 925 1747 in
943 1714 1060 1748 fronte
1077 1715 1159 1748 libri
1177 1715 1232 1749 sui
1250 1715 1392 1760 scripsit
1407 1714 1439 1749 :”

646 1786 719 1814 Cum
733 1791 841 1815 scateat
855 1786 940 1824 nugis
953 1785 1012 1814 solo
1025 1786 1191 1824 cognomine
1205 1787 1308 1824 Major,

685 1834 747 1861 Nec
761 1833 799 1861 sit
812 1833 843 1860 in
857 1833 995 1861 immenso
1008 1833 1112 1871 pagina
1126 1843 1194 1862 sana
1206 1833 1289 1866 libro,

646 1880 712 1908 Non
726 1879 831 1908 mirum
846 1879 941 1908 titulis
954 1879 1031 1917 quod
1044 1889 1075 1908 se
1088 1880 1235 1908 veracibus
1249 1884 1341 1912 ornat,

683 1927 745 1955 Nec
759 1936 871 1964 semper
885 1926 1009 1954 mendax
1024 1925 1131 1964 fingere
1146 1926 1232 1954 Creta
1246 1926 1328 1954 solet.

394 2000 487 2046 Ejus
505 2000 638 2046 ingenii
658 2004 887 2034 monumenta
905 2001 949 2034 ad
968 2004 1126 2044 posteros
1147 2000 1355 2034 transmissa
1372 2004 1458 2034 sunt
1476 2000 1584 2034 haec:

494 2057 658 2091 Historia
692 2057 842 2102 Majoris
877 2057 1092 2091 Britanniae
1118 2057 1180 2090 lib.
1221 2066 1272 2090 VI.
1307 2068 1377 2101 quo
1411 2058 1449 2091 in
1482 2068 1585 2102 opere
1618 2057 1732 2093 fateor

544 2115 716 2159 quaedam
744 2125 818 2148 esse
847 2114 958 2148 bonae
988 2113 1114 2159 frugis,
1141 2114 1201 2148 sed
1231 2115 1346 2147 multa
1374 2125 1531 2155 erronea,
1558 2115 1730 2159 quaedam

542 2172 701 2212 ridicula,
729 2172 832 2216 quale
850 2175 904 2205 est
930 2171 1017 2204 illud
1042 2171 1084 2205 de
1110 2175 1217 2215 ponte
1245 2170 1536 2212 Hadintonieusi,
1560 2173 1730 2206 nonnulla

541 2239 676 2269 manca,
703 2229 853 2273 denique
879 2228 998 2262 omnia
1015 2228 1236 2274 negligenter
1252 2228 1409 2272 scripta3
1435 2229 1496 2262 sed
1522 2229 1626 2263 venia
1649 2229 1730 2263 rudi

542 2286 594 2319 illi
612 2297 700 2319 aevo
717 2286 844 2319 danda.

495 2343 698 2377 Decisiones
739 2342 1003 2376 Sententiarum
1053 2341 1113 2375 lib.
1150 2350 1203 2375 1V.
1238 2352 1327 2386 opus
1361 2353 1383 2376 a
1416 2342 1590 2389 theologis
1623 2342 1731 2388 hujus

540 2400 617 2434 aevi
637 2400 738 2434 valde
756 2399 950 2440 laudatum,
971 2403 1006 2433 et
1025 2410 1133 2443 supra
1151 2398 1252 2433 fidem
1271 2399 1370 2434 utile.
