2060 2848
376 264 440 296 646
754 265 987 300 HISTORIA
1011 267 1383 302 ECCLESIASTICA

378 370 445 404 pus
472 359 668 395 translatus
698 364 763 395 est.
816 360 976 396 Tabulae
1006 361 1229 404 Lex-incuses,
1255 362 1439 399 Arnoldus
1471 363 1591 399 Uvion
1618 365 1678 399 lib.
1708 374 1768 399 111.

379 428 460 463 pag.
480 425 672 452 CCCLXVI.
724 418 866 453 Colitur
882 419 940 454 die
958 428 1016 453 XI.
1035 419 1262 455 Novembris.
1315 420 1465 466 Scripsit

527 475 707 510 Homilias
735 476 778 510 de
808 475 947 511 Sanctis
974 477 1035 512 lib.
1066 487 1091 511 1.
1122 488 1211 522 quas
1240 479 1348 513 audio
1376 478 1500 513 Trecis
1529 490 1659 526 magna
1687 491 1772 514 cura

575 544 762 567 asservari.

428 589 569 624 Claruit
585 601 679 624 anno
698 599 817 625 DXXI.
868 591 981 626 Errat
997 591 1164 625 Auctarii
1182 590 1446 627 Gemblacensis
1471 598 1606 634 auctor,
1632 594 1695 639 qui
1722 594 1772 638 ip-

378 658 457 681 sum
475 658 556 681 cum
574 647 745 682 fratribus
763 648 948 682 collocavit
967 658 1061 682 anno
1079 656 1239 682 MCXLV.
1279 648 1420 683 Colitur
1432 650 1489 684 die
1503 659 1560 684 xx.
1576 650 1770 685 Novembr.

379 704 534 739 Usuardi
551 703 777 738 Additiones.
829 704 999 738 Meminit
1026 704 1194 738 Molanus
1212 704 1299 739 Nat.
1317 704 1379 740 SS.
1398 706 1518 753 Belgii
1535 708 1580 741 ad
1598 708 1691 742 diem
1711 704 1773 742 ixx.

376 761 594 796 Decembris.

757 876 793 910 S.
820 876 1057 911 WINOCUS
1082 875 1164 911 AB.
1192 876 1240 911 A.
1294 876 1400 911 1162.

377 991 413 1025 S.
434 990 664 1031 WINOCUM,
682 990 758 1025 sive
775 990 994 1031 Winiocum,
1021 995 1062 1025 ut
1087 991 1195 1026 habet
1220 991 1332 1027 Jonas
1358 992 1466 1027 abbas
1485 992 1611 1028 Scotus
1629 993 1667 1028 in
1686 994 1772 1029 Vita

375 1048 411 1082 S.
440 1048 653 1083 Columbani
677 1059 752 1093 cap.
780 1057 886 1083 xvn.
913 1048 1059 1083 Scotum
1083 1048 1194 1083 fuisse
1220 1049 1359 1094 probat,
1384 1055 1526 1094 praeter
1551 1051 1631 1091 alia,
1654 1057 1772 1086 aucto-

375 1106 463 1140 ritas
482 1105 696 1140 Theodorici
713 1105 852 1140 abbatis
871 1106 1079 1140 monasterii
1104 1106 1141 1140 S.
1170 1106 1351 1141 Trudonis
1374 1107 1413 1141 in
1439 1108 1516 1142 vita
1538 1108 1575 1142 S.
1598 1108 1769 1143 Rumoldi

375 1163 471 1197 Scoti
489 1163 585 1208 apud
603 1162 749 1198 Surium
767 1168 853 1197 tom.
870 1171 945 1197 vn.
958 1163 1015 1197 die
1031 1173 1056 1198 1.
1071 1163 1093 1197 J
1097 1164 1161 1197 ulii
1175 1173 1184 1196 ι
1211 1168 1233 1184 “
1252 1163 1366 1198 Novit
1382 1164 1449 1198 hoc
1466 1165 1512 1199 ab
1528 1171 1611 1200 ortu
1627 1166 1773 1212 Aegyp-

375 1226 433 1255 tus
464 1225 500 1255 et
523 1220 639 1260 India,
669 1220 714 1254 ab
743 1231 869 1255 occasu
900 1222 991 1255 alter
1019 1231 1109 1265 pene
1139 1221 1234 1256 orbis
1263 1220 1456 1255 Britannia
1482 1233 1563 1256 cum
1590 1223 1773 1268 adjacente

374 1278 514 1318 Scotia3
543 1278 605 1323 qui
634 1278 756 1312 statim
786 1282 828 1312 ut
853 1278 898 1311 ab
924 1278 1020 1312 illius
1047 1279 1269 1313 aeternitatis
1297 1279 1370 1312 sole
1394 1279 1479 1313 tacti
1507 1284 1602 1320 sunt,
1629 1279 1681 1314 illi
1708 1281 1775 1315 sub

374 1335 501 1369 umbra
530 1336 607 1381 ejus
637 1346 743 1379 quem
770 1335 1019 1369 desiderabant
1044 1336 1273 1380 requiescere,
1300 1336 1361 1369 isti
1391 1336 1437 1370 ad
1467 1337 1629 1371 ardorem
1660 1349 1773 1383 usque

374 1392 539 1437 martyrii
565 1392 827 1427 festinaverunt
848 1392 1068 1433 incalescere,
1095 1397 1132 1426 et
1157 1393 1339 1427 studentia
1364 1392 1638 1439 anhelantiaque
1665 1396 1771 1430 verba

374 1450 411 1482 in
441 1450 543 1483 dulce
569 1450 682 1483 crucis
708 1450 818 1484 melos
844 1449 1045 1484 didicerunt
1071 1449 1277 1495 infringere.
1329 1449 1434 1484 Unde
1460 1458 1579 1485 autem
1606 1452 1672 1486 hoc
1697 1458 1771 1487 tam

374 1508 444 1541 late
465 1507 634 1541 diffusum
661 1507 931 1553 germinarium,
954 1507 1024 1540 nisi
1048 1507 1134 1551 quia
1159 1507 1197 1540 in
1223 1518 1346 1541 eorum
1373 1509 1538 1543 cordibus
1564 1511 1771 1544 coaluerunt

374 1565 455 1599 Iesu
474 1564 611 1598 Christi
627 1576 728 1598 amor
745 1569 780 1598 et
798 1564 1011 1599 desiderium
1027 1564 1044 1597 ?
1098 1563 1262 1598 Assentit
1279 1564 1317 1598 in
1334 1565 1401 1599 hoc
1416 1565 1622 1610 Herbipolis
1640 1567 1769 1612 glorio-

373 1634 412 1656 sa
430 1623 600 1667 martyris
618 1622 754 1656 Kiliani
777 1621 915 1655 meritis
941 1625 978 1655 et
1000 1632 1156 1666 corpore,
1184 1632 1248 1655 nec
1274 1622 1393 1656 minus
1418 1634 1533 1667 prona
1559 1623 1620 1658 SS.
1648 1624 1768 1658 Scoto-

374 1691 466 1720 rum,
493 1684 529 1714 et
546 1680 673 1713 talium
692 1684 727 1713 et
745 1683 926 1714 tantorum
950 1683 1106 1723 patrum,
1128 1679 1284 1724 gloriosa
1306 1680 1555 1714 veneratione:
1582 1680 1769 1715 Columba-

374 1748 442 1771 nus
461 1737 614 1777 Italiam,
632 1736 804 1771 Bertinus
826 1741 862 1770 et
890 1735 1063 1770 Winocus
1088 1736 1272 1770 illustrant
1298 1737 1515 1771 occidentem
1542 1736 1707 1778 Galliam,
1735 1744 1769 1772 et

374 1795 649 1828 innumerabiles
667 1794 739 1834 alii,
758 1794 832 1828 suis
850 1793 981 1838 quique
999 1794 1037 1827 in
1054 1793 1167 1828 locis.'‘
1218 1794 1273 1828 De
1292 1805 1333 1828 eo
1351 1794 1588 1840 Martyrolog.
1614 1794 1767 1829 Roman.

374 1853 429 1885 die
457 1861 509 1885 vl.
538 1851 713 1885 Novemb.
742 1856 763 1871 ‘⁶
784 1851 895 1895 Apud
921 1850 1057 1896 Bergas
1083 1851 1258 1895 depositio
1284 1850 1320 1885 S.
1348 1850 1490 1885 Winoci
1516 1852 1666 1892 abbatis,
1695 1854 1768 1897 qui,

374 1909 568 1943 virtutibus
599 1913 634 1942 et
664 1908 844 1942 miraculis
875 1909 1003 1948 clarus,
1035 1908 1207 1942 fratribus
1238 1909 1345 1943 etiam
1377 1909 1444 1943 sibi
1475 1909 1628 1943 subditis
1655 1911 1769 1944 multo

375 1972 531 2010 tempore
562 1965 815 2000 ministravit.''
866 1965 959 2011 Ejus
995 1966 1105 2000 vitam
1137 1966 1260 2000 scribit
1290 1977 1489 2011 anonymus
1520 1971 1644 2001 auctor
1673 1969 1768 2012 apud

373 2024 518 2058 Surium
550 2028 635 2057 tom.
666 2032 719 2057 v1.
747 2024 809 2068 qui
836 2023 1045 2068 simpliciter
1071 2035 1168 2057 more
1195 2024 1290 2057 illius
1316 2025 1393 2058 aevi
1421 2029 1609 2059 contentus
1635 2026 1767 2059 dixisse

373 2081 564 2116 Britannia
593 2081 804 2115 oriundum:
835 2081 924 2115 falso
955 2080 1098 2114 Gallum
1124 2080 1235 2114 fecere
1266 2081 1424 2115 Meierus
1455 2080 1587 2115 Annal.
1618 2082 1763 2116 Flandr.

374 2138 434 2172 lib.
455 2148 480 2173 1.
507 2138 654 2173 Robert.
682 2138 846 2173 Coenalis
872 2139 933 2173 lib.
962 2147 1004 2171 11.
1032 2138 1074 2171 de
1101 2138 1166 2172 Re.
1194 2138 1287 2172 Gall.
1314 2139 1476 2182 perioche
1504 2148 1557 2173 v1.
1586 2138 1764 2173 Henricus

374 2196 566 2236 Costerius,
584 2201 706 2241 pastor
724 2195 1010 2241 Antverpiensis‚
1029 2196 1067 2229 in
1086 2195 1225 2230 Arbore
1243 2195 1305 2230 SS.
1325 2195 1535 2231 Monasterii
1554 2195 1591 2230 S.
1609 2196 1760 2236 Bertini‚

373 2254 497 2288 etalii.
550 2253 700 2298 Scripsit

519 2311 693 2357 Regulam
713 2312 757 2346 ad
775 2311 920 2347 Fratres
1260 2311 1320 2345 lib.
1342 2321 1367 2345 1.
