2060 2848
410 293 476 327 596
749 316 751 320 s
787 292 1038 326 'HISTORIA
1052 292 1426 327 ECCLESIASTICA

561 388 795 428 Quaestiones
814 387 1050 434 Theologicae
1356 388 1418 422 lib.
1439 395 1465 421 1.

561 445 849 480 Commentarius
868 446 906 479 in
925 445 1140 480 Psalterium
1355 444 1417 479 lib.
1438 452 1464 478 1.

560 503 788 538 Breviarium
806 501 1025 548 Theologiae
1354 502 1415 535 lib.
1436 509 1489 535 IV.

487 586 489 589 -
560 559 708 595 Summa
726 559 944 606 Theologiae
1353 558 1414 592 lib.
1435 567 1460 592 1.

560 615 760 652 Concordia
778 616 1044 663 Theologorum
1354 615 1417 649 lib.
1438 624 1463 649 1.

560 674 869 715 Quodlibetorium
888 674 931 707 de
949 672 1138 707 Relatione
1356 672 1418 706 lib.
1438 681 1463 706 1.

556 731 815 771 Quaestionum
833 729 1029 763 difficilium
1355 729 1418 763 lib.
1437 737 1463 763 1.

509 814 511 816 -
556 788 691 823 Contra
708 787 880 821 Aemulos
897 790 933 820 et
950 785 1178 820 Detractores
1195 785 1367 821 Fratrum
1385 785 1674 821 Praedicatorum
1700 787 1759 821 lib.
1781 796 1806 820 1.

605 844 684 878 MS.
704 843 866 878 Oxoniae
883 843 921 876 in
939 842 1192 877 Lincolniensi.

557 902 602 936 In
619 902 912 936 Praedicamenta
928 899 1135 934 Aristotelis
1353 900 1414 935 lib.
1435 910 1496 935 111.

556 958 671 1004 Super
689 970 751 993 sex
769 957 952 1002 Principia
1351 958 1413 993 lib.
1434 967 1459 993 1.

554 1016 670 1061 Super
686 1016 894 1051 Aristotelis
913 1014 1040 1048 Priora
1347 1016 1408 1050 lib.
1428 1025 1472 1050 11.

554 1074 670 1119 Super
686 1074 763 1120 ejus
782 1072 986 1107 Posteriora
1345 1073 1407 1108 lib.
1427 1082 1470 1107 11.

557 1131 601 1166 In
619 1131 703 1165 Peri
722 1130 935 1164 Hermenias
1346 1131 1407 1165 lib.
1427 1139 1470 1164 11.

556 1188 865 1232 Complementum
882 1186 970 1221 Divi
989 1186 1162 1228 Thomae,
1181 1192 1218 1222 et
1234 1188 1273 1221 in
1290 1187 1374 1221 Peri
1393 1187 1606 1221 Hermenias
1625 1188 1686 1223 lib.
1706 1198 1731 1221 1.

555 1245 818 1280 Illustrationes
836 1244 880 1277 de
897 1243 1144 1278 Declaratione
1162 1244 1322 1290 ejusdem
1348 1244 1410 1278 lib.
1431 1253 1456 1278 1.

553 1303 608 1337 De
626 1302 775 1336 Unitate
794 1301 1008 1335 Formarum
1347 1301 1410 1336 lib.
1429 1310 1455 1335 1.

509 1387 511 1390 .
552 1359 608 1394 De
627 1359 814 1393 Relatione
1346 1358 1408 1393 lib.
1428 1367 1456 1393 1.

444 1418 595 1455 ‚Claruit
613 1427 707 1451 anno
726 1423 878 1449 Mecxc.

703 1502 705 1505 ¹
732 1529 1045 1565 RADULPHUS
1071 1530 1313 1566 STRODUS.
1368 1530 1493 1575 1076„

405 1649 663 1682 RADULPHUS
682 1646 832 1681 Strodus
850 1645 971 1679 eadem
989 1646 1066 1691 lege
1089 1657 1162 1691 qua
1183 1645 1346 1690 superior
1372 1645 1534 1680 Oxoniae
1561 1646 1711 1686 studuit,
1739 1648 1798 1681 sed

403 1706 504 1750 prius
532 1703 569 1738 in
598 1703 848 1748 Dryburgensi
883 1702 1090 1736 Tevidaliae
1123 1702 1290 1737 coenobio
1322 1703 1386 1736 diu
1421 1702 1522 1737 bonis
1558 1703 1671 1737 literis
1701 1704 1800 1738 incu-

405 1764 542 1803 buerat,
564 1767 606 1796 ut
629 1762 667 1795 in
685 1760 987 1794 Monasteriorum
1006 1759 1037 1793 F
1040 1759 1293 1794 undationibus
1312 1759 1494 1794 Gilbertus
1514 1759 1659 1794 Brunus
1676 1761 1798 1795 docet:

405 1825 528 1865 postea
556 1818 759 1864 Anglor'um
789 1818 951 1863 linguam
981 1821 1017 1851 et
1048 1817 1241 1862 elegantias
1276 1818 1327 1851 sic
1357 1817 1493 1857 didicit,
1532 1823 1575 1851 ut
1609 1816 1798 1852 Galfredus

404 1878 607 1912 Chaucerus
620 1877 726 1910 inter
748 1875 956 1919 praecipuos
982 1875 1038 1908 sui
1056 1874 1167 1908 seculi
1185 1879 1307 1918 poetas
1325 1885 1407 1909 eum
1424 1875 1632 1919 reposuerit.
1685 1874 1799 1910 Exta-

403 1937 490 1970 bant
507 1935 621 1969 multa
638 1934 715 1979 ejus
733 1943 851 1976 opera,
868 1943 941 1966 non
960 1932 1038 1966 visa
1056 1931 1101 1966 ab
1118 1930 1260 1978 Anglis,
1279 1933 1317 1966 in
1336 1932 1549 1967 bibliotheca
1566 1932 1652 1967 dicti
1675 1943 1798 1968 coeno-

403 1993 465 2028 bii.
517 1992 684 2031 Putatur‚
703 1990 857 2029 Italiam,
876 1989 1117 2030 Germaniam,
1141 1996 1177 2023 et
1197 1989 1331 2024 Gallias
1349 1990 1530 2030 lustrasse,
1549 1995 1627 2024 tum
1645 1989 1796 2025 Terram

403 2051 570 2085 Sanctam
587 2049 761 2088 visitasse,
780 2058 820 2082 ac
838 2048 983 2081 domum
1001 2047 1147 2081 rediisse
1170 2047 1290 2092 ibique
1313 2058 1521 2092 supremum
1537 2048 1632 2082 diem
1655 2048 1794 2083 obiisse.

400 2108 475 2142 Scri
502 2107 549 2141 sit

402 2119 557 2200 Fabiilas
575 2164 710 2208 lepidas
727 2174 833 2197 versu
962 2162 1023 2196 lib.
1044 2171 1069 2196 Ι.
1123 2163 1362 2209 Panegyricos
1380 2174 1487 2197 versu
1503 2163 1621 2207 patrio
1688 2163 1748 2197 lib.
1769 2172 1793 2197 1.

403 2222 744 2267 Consequentiarum
760 2220 949 2254 Formulas
962 2220 1023 2254 lib.
1044 2229 1070 2253 1.
1121 2219 1325 2254 Summulas
1342 2220 1507 2266 logicales
1688 2220 1749 2254 lib.
1770 2229 1794 2254 1.

402 2280 667 2324 sophismatum
687 2277 860 2322 Strophas
893 2315 901 2321 ἃ
962 2277 1022 2311 lib.
1043 2285 1068 2311 1.
1121 2276 1340 2312 Phantasma
1357 2277 1541 2321 Radulphi
1686 2277 1747 2311 lib.
1767 2281 1796 2311 1.'

402 2336 630 2372 Itinerarium
649 2335 782 2369 Terrae
801 2334 950 2369 Sanctae
963 2335 1023 2368 lib.
1044 2343 1071 2368 1.
1122 2334 1332 2376 Posstiones,
1359 2339 1394 2369 et
1420 2343 1542 2369 XVIII.
1568 2333 1795 2381 Argumenta

450 2398 573 2428 contra
592 2391 794 2426 Wicleffum
814 2391 1055 2432 Haereticum,
1073 2391 1134 2426 lib.
1155 2401 1179 2425 1.
