2060 2848
717 274 892 307 GENTIS
916 275 1191 315 SCOTORUM,
1215 277 1304 309 LIB.
1327 278 1427 311 XIX.
1702 279 1764 312 675

380 373 460 401 tur:
496 369 558 402 sed
589 379 714 402 rursus
747 368 817 402 iter
849 369 1112 413 suscipiendum
1145 375 1233 410 erat,
1270 383 1354 405 nam
1387 372 1447 416 qui
1484 373 1629 417 collegio
1662 383 1760 417 prae-

380 430 468 465 erat,
511 424 710 458 Gulielmus
756 425 983 460 Crichtonius
1025 426 1174 467 Jesuita,
1212 428 1405 472 jubebatur
1450 429 1620 472 quosdam
1658 430 1762 475 juve-

381 493 442 515 nes
469 481 621 515 Romam
648 482 812 522 mittere3
843 486 878 516 et
907 483 1007 516 missi
1031 482 1206 517 Patricius
1236 484 1479 525 Andersonus,
1505 485 1583 530 jam
1608 486 1758 526 Jesuita,

379 537 558 572 Robertus
590 538 708 579 Hilus,
744 539 807 583 qui
835 539 1013 583 professor
1040 540 1283 584 philosophiae
1314 541 1502 585 Monspelii
1534 542 1632 582 obiit,
1663 542 1759 576 Tho-

378 606 454 629 mas
472 595 557 635 Leo,
576 607 597 630 a
614 596 715 629 cunis
733 607 866 636 caecus,
884 602 920 630 et
944 596 1112 636 Thomas,
1136 598 1198 641 qui
1222 598 1428 644 longissimo
1452 609 1514 642 per
1532 598 1758 633 Germaniam

377 653 595 696 superiorem
617 654 743 687 itinere
766 653 851 697 quid
877 654 972 697 passi
998 654 1070 687 sint
1092 665 1342 688 aerumnarum
1366 656 1614 701 cogitationem
1639 656 1762 690 huma-

378 720 461 743 nam
477 710 539 743 vix
556 710 737 750 admittit3
765 721 847 744 nam
871 710 976 744 urbes
1002 715 1078 744 tum
1103 722 1212 755 paene
1239 723 1361 745 omnes
1379 718 1476 756 peste
1494 713 1664 753 desertae,
1684 713 1762 747 viae

378 777 418 799 ac
445 767 555 800 silvae
580 767 708 807 inviae,
739 767 816 811 ipso
841 772 985 811 aspectu
1008 768 1182 808 horridae,
1208 769 1404 803 latronibus
1431 769 1678 814 grassantibus
1701 770 1761 804 ob-

378 834 505 858 sessae.

426 880 501 914 Nec
530 881 651 915 mitior
680 893 743 925 per
774 881 916 916 Italiam
946 893 1081 923 cursus,
1115 894 1197 917 nam
1228 883 1429 916 Ferrariam
1460 883 1621 917 Clemens
1653 883 1758 917 VIII.

378 938 570 981 repetebat,
604 943 640 972 et
674 939 825 984 insignis
856 940 1030 973 exercitus
1065 939 1109 973 ab
1142 938 1413 972 Aldobrandino
1446 939 1621 973 cardinale
1656 940 1758 972 duce-

379 995 495 1035 batur,
524 1007 596 1040 quo
623 1000 658 1030 et
683 1007 824 1030 annona
855 996 1046 1036 carissima,
1078 1000 1114 1030 et
1143 996 1372 1039 inhospitales
1399 996 1494 1041 pagi,
1523 1001 1559 1030 et
1587 997 1665 1030 viae
1692 996 1760 1029 dif-

378 1052 485 1086 ficiles
525 1053 788 1093 reddebantur3
827 1054 888 1087 sed
917 1057 1036 1086 tamen
1065 1058 1262 1097 opportune
1296 1052 1447 1086 Romam
1481 1054 1606 1093 tenuit,
1637 1058 1671 1088 et
1698 1064 1760 1097 per

377 1109 515 1144 Scotiae
544 1114 779 1154 protectorem
809 1109 1033 1143 Cardinalem
1064 1109 1274 1154 Cajetanum
1302 1109 1459 1153 pontifici
1486 1111 1698 1149 insinuatus,
1722 1111 1759 1143 in

378 1167 609 1201 seminarium
636 1167 839 1200 Romanum
864 1177 946 1200 cum
976 1167 1167 1200 lectissima
1191 1166 1317 1199 Italiae
1343 1166 1538 1206 nobilitate,
1566 1168 1605 1200 in
1631 1167 1759 1211 quibus

376 1224 532 1258 Joannes
562 1223 729 1268 Baptista
758 1223 883 1263 Detus,
913 1222 1085 1268 Aloysius
1115 1222 1306 1266 Caponius,
1334 1222 1369 1256 S.
1399 1222 1443 1256 R.
1475 1223 1519 1256 E.
1554 1224 1757 1262 cardinales,

377 1281 520 1321 ascitus,
550 1292 591 1314 ac
617 1280 810 1314 honorifica
835 1281 1002 1325 pensione
1029 1280 1287 1320 cohonestatus,
1311 1280 1377 1314 sub
1399 1280 1440 1313 P.
1464 1280 1657 1325 Stephonio
1681 1292 1761 1325 poe·

377 1339 466 1373 ticae
496 1349 638 1383 operam
666 1348 798 1372 navare
819 1338 956 1381 coepit3
988 1337 1049 1371 sed
1078 1337 1201 1370 morbo
1234 1337 1355 1371 lethali
1390 1338 1588 1382 ingruente,
1622 1338 1758 1377 medici,

378 1396 522 1429 noxiam
541 1395 676 1429 Romae
697 1406 822 1429 auram
845 1399 881 1429 et
904 1395 1068 1429 lethalem
1094 1394 1239 1434 causati,
1265 1394 1454 1428 effecerunt
1479 1400 1521 1429 ut
1545 1399 1759 1428 commeatus

378 1453 416 1486 in
434 1452 601 1498 Belgium
625 1462 749 1485 rursus
772 1452 1031 1491 concederetur,
1056 1463 1127 1496 quo
1150 1450 1296 1485 Andrea
1319 1451 1525 1486 Crichtonio
1548 1452 1674 1486 comite
1696 1462 1759 1495 per

379 1509 564 1543 Helvetios
591 1509 869 1543 laboriosissimo
897 1509 1040 1542 demum
1067 1509 1192 1542 itinere
1215 1508 1406 1548 contendit,
1430 1513 1466 1542 et
1490 1508 1641 1542 Tornaci
1670 1507 1759 1542 Ner-

379 1568 520 1601 viorum
544 1567 582 1600 in
603 1566 777 1600 Jacobum
800 1565 1029 1610 Cheynaeum
1048 1565 1183 1605 incidit,
1208 1576 1229 1598 a
1254 1576 1325 1609 quo
1342 1564 1504 1599 Duacum
1524 1565 1758 1600 Catuacorum

380 1625 521 1663 missus,
539 1624 632 1657 bona
651 1622 719 1656 fide
741 1622 901 1666 poeticae
918 1622 985 1656 sub
1002 1621 1184 1656 Ludovico
1202 1621 1371 1665 Pripraeo
1394 1622 1625 1661 Bethunensi,
1648 1622 1760 1666 philo-

378 1681 523 1725 sophiae
544 1680 610 1714 sub
634 1680 747 1713 Paulo
769 1680 802 1713 le
824 1679 965 1723 Cocque
989 1684 1024 1713 et
1047 1678 1194 1713 Nicolao
1215 1678 1408 1712 Blewartio
1432 1679 1652 1713 Athensibus
1680 1690 1760 1723 ope-

379 1749 455 1772 ram
475 1737 582 1777 dedit,
602 1736 769 1780 pensione
786 1736 960 1770 honorata
977 1736 1070 1780 regis
1086 1735 1341 1779 Hispaniarum
1355 1740 1390 1769 et
1404 1735 1544 1769 Alberti
1561 1736 1758 1770 archiducis

380 1796 534 1840 adjutus.
587 1793 639 1827 Et
659 1793 697 1825 in
718 1793 869 1836 poetices
893 1793 1014 1825 laurea
1035 1792 1233 1835 praemium
1259 1793 1426 1835 primum,
1453 1793 1491 1825 in
1516 1792 1758 1836 philosophico

380 1863 492 1897 agone
511 1850 699 1884 stationem
714 1849 914 1888 secundam,
934 1849 1090 1892 praelato
1108 1847 1234 1881 Carolo
1252 1848 1392 1881 Bauvio
1408 1848 1572 1888 Athensi,
1594 1849 1757 1888 obtinuit,

380 1910 414 1943 id
433 1912 655 1952 procurante,
681 1910 724 1940 ut
741 1905 958 1945 credebatur,
979 1904 1002 1938 J
1005 1915 1118 1938 oanne
1137 1903 1319 1944 Trufaldo,
1342 1905 1518 1950 gymnasii
1536 1905 1625 1950 regii
1644 1906 1758 1939 mode·

380 1971 518 1999 ratore:
543 1964 665 1997 statim
684 1967 826 2006 accepta
841 1963 962 1995 laurea
978 1961 1203 1994 humaniores
1226 1961 1346 1994 literas
1370 1961 1522 1995 Tornaci
1545 1962 1659 2005 coepit
1680 1973 1758 2006 pro.

379 2023 482 2060 fiteri,
511 2021 572 2055 sed
601 2031 680 2054 cum
709 2019 827 2053 tenuis
854 2019 1017 2052 fortunae
1043 2017 1094 2051 ibi
1122 2028 1200 2061 spes
1229 2015 1391 2063 fulgeret,
1422 2017 1602 2052 Lutetiam
1629 2020 1758 2064 cogita.

379 2081 443 2119 vit,
473 2089 545 2123 quo
577 2088 656 2111 cum
687 2076 880 2120 appulisset
911 2080 992 2109 ante
1023 2083 1125 2108 XVII.
1160 2075 1286 2108 aetatis
1322 2085 1453 2108 annum
1483 2076 1522 2108 in
1555 2074 1758 2110 Navarraeo

381 2136 513 2170 Davidi
540 2134 698 2168 Sinclaro
724 2133 762 2166 in
790 2132 936 2166 docendi
962 2142 1107 2165 munere
1131 2131 1309 2172 successit,
1339 2132 1457 2166 laurea
1479 2132 1573 2177 juris
1601 2133 1757 2166 canonici

381 2194 600 2227 honestatus.

436 2249 523 2283 Inde
541 2248 707 2283 Tolosam
726 2251 902 2286 evocatus,
922 2256 1001 2280 cum
1021 2245 1132 2279 serius
1150 2245 1268 2279 itineri
1290 2255 1327 2279 se
1343 2245 1560 2286 accinxisset,
1584 2245 1621 2279 in
1646 2245 1758 2280 Picto-
