2060 2848
388 324 452 354 558
782 322 1014 357 HISTORIA
1037 323 1412 359 ECCLESIASTICA

391 418 514 452 lustris
531 418 626 465 regis
644 417 783 452 Scotiae
801 422 912 460 satus,
931 419 1109 454 extiturus
1126 419 1251 456 haeres
1269 419 1440 466 ejusdem.
1442 418 1463 437 ”
1506 419 1715 468 Legendum
1732 427 1788 458 est

391 477 486 510 satu.
539 476 674 510 Totum
701 476 796 510 vitae
819 477 980 511 ordinem
1005 477 1132 512 deinde
1155 488 1196 511 ac
1219 478 1393 513 miracula
1417 479 1658 524 prosequitur.
1710 478 1787 520 Me-

391 534 496 568 minit
514 533 743 568 Theobaldus
761 533 806 568 ad
823 533 989 580 Sigerum
1012 534 1205 570 Lerensem
1227 536 1483 580 praepositum,
1508 536 1547 571 in
1570 536 1648 571 vita
1665 536 1786 573 Sancti

393 589 580 625 Gummari
598 591 690 636 apud
719 590 864 625 Surium
890 596 976 627 tom.
1002 601 1039 627 v,
1063 592 1121 626 die
1142 592 1288 627 Octobr.
1314 602 1371 627 XI
1424 593 1461 629 Is
1488 605 1573 640 ergo
1598 605 1674 639 cap.
1700 603 1787 631 XIV

392 652 414 667 ‘⁶
431 647 570 683 Eodem
588 653 747 693 tempore
770 647 841 683 fuit
864 648 1078 690 Rumoldus,
1104 648 1162 683 vir
1186 654 1342 691 sanctus,
1369 650 1493 686 divina
1515 652 1633 698 gratia
1649 653 1787 697 plenus,

391 705 453 750 qui
472 706 562 740 vitia
578 706 721 751 penitus
738 705 955 740 mortificans
974 706 1019 740 ad
1038 707 1216 741 virtutum
1229 707 1386 742 culmina
1398 707 1438 742 in
1450 709 1527 743 dies
1541 710 1786 750 contendebat,

391 773 463 797 non
481 763 537 796 die
554 774 627 797 non
644 767 747 797 nocte
764 773 786 796 a
803 762 895 796 bono
913 762 1063 797 vacabat
1080 774 1196 808 opere,
1214 764 1277 798 sed
1298 775 1441 800 carnem
1465 777 1569 801 suam
1594 767 1728 813 vigiliis
1752 772 1787 803 et

386 821 538 867 jejuniis
555 824 758 860 attenuans,
776 819 997 854 orationibus
1015 820 1169 854 assiduis
1187 820 1431 856 incumbens.’'

442 878 559 918 Quam
578 877 764 924 magnifice
782 877 825 911 de
843 887 884 911 eo
902 877 1060 911 sentiant
1081 877 1370 920 Machlinienses,
1394 878 1593 915 audiendus
1611 885 1665 917 est
1681 880 1706 915 J
1708 893 1790 917 oan-

392 946 455 970 nes
473 936 642 970 Molanus
659 935 697 969 in
716 935 839 970 Natal.
857 934 977 969 Sanct.
996 934 1115 981 Belgii
1133 935 1190 969 die
1209 944 1234 970 1.
1252 934 1277 969 J
1279 936 1354 977 ulii,
1378 938 1475 982 apud
1497 936 1702 974 Aubertum
1720 940 1791 975 Mi-

392 1005 515 1029 raeum
532 994 594 1028 lib.
613 994 655 1028 de
673 993 884 1028 Canonicor.
912 992 1047 1039 colleg.
1069 1003 1145 1038 cap.
1166 1002 1312 1028 LXXIV.
1341 998 1363 1015 “
1380 994 1487 1029 Beati
1511 995 1683 1031 Rumoldi
1701 1008 1791 1042 opus

393 1057 447 1087 est
464 1051 720 1087 monasterium
738 1051 833 1096 apud
851 1050 1019 1092 Malinas,
1037 1052 1100 1096 qui
1118 1052 1227 1092 locus,
1253 1053 1488 1097 quantumvis
1506 1065 1529 1088 a
1545 1053 1790 1090 Nordmannis

391 1115 483 1145 esset
500 1114 673 1149 vastatus,
692 1113 765 1143 tam
784 1108 930 1143 celebris
947 1108 1149 1153 antiquitus
1167 1108 1255 1149 fuit,
1267 1113 1310 1143 ut
1326 1115 1644 1146 connumeraretur
1656 1112 1694 1146 in
1708 1124 1791 1157 por-

392 1169 489 1203 tione
507 1168 637 1208 Caroli,
656 1178 764 1212 quam
782 1167 825 1201 de
842 1177 953 1213 regno
970 1165 1147 1206 Lotharii,
1165 1166 1204 1200 in
1222 1166 1398 1202 divisione
1416 1179 1497 1203 cum
1512 1168 1623 1204 fratre
1637 1180 1702 1205 suo
1715 1169 1790 1206 Lu-

392 1226 516 1260 dovico
533 1225 637 1265 facta,
656 1224 801 1269 accepit.
854 1223 943 1258 Fuit
969 1227 1090 1266 autem
1113 1223 1161 1264 ab,
1180 1223 1287 1259 initio
1310 1223 1545 1267 fundationis,
1570 1238 1644 1262 non
1666 1238 1789 1263 mona·

393 1283 551 1324 chorum,
580 1282 641 1316 sed
666 1282 917 1315 canonicorum
934 1281 1203 1318 monasterium.
1256 1281 1375 1316 Situm
1393 1287 1470 1318 erat
1495 1284 1534 1318 in
1557 1285 1671 1329 pratis
1694 1286 1791 1320 intra

391 1343 517 1381 ulmos,
536 1340 597 1374 setl
615 1339 788 1384 paulatim
806 1338 1002 1373 Mechlinia
1019 1349 1063 1372 ex
1080 1350 1193 1383 parva
1212 1339 1301 1374 urbe
1327 1344 1428 1375 trans
1445 1340 1597 1377 Dilcana
1619 1343 1707 1378 adeo
1731 1355 1791 1378 ex-

391 1399 514 1439 crevit,
531 1403 573 1433 ut
590 1408 686 1432 nunc
703 1396 903 1443 Collegium
930 1396 966 1431 S.
986 1395 1164 1431 Rumoldi.
1183 1397 1222 1431 in
1244 1398 1444 1433 meditullio
1470 1399 1569 1434 urbis
1594 1400 1705 1435 situm
1731 1401 1790 1442 sit,

391 1462 426 1492 et
443 1469 464 1492 a
483 1456 596 1491 Paulo
614 1455 680 1490 IV.
698 1454 865 1499 pontifice
883 1454 1042 1489 maximo
1060 1459 1218 1497 erectum
1236 1460 1290 1490 est
1307 1456 1347 1490 in
1364 1456 1703 1494 archicathedralem
1717 1460 1790 1504 pri-

390 1527 487 1550 mam
506 1514 623 1560 Belgii
641 1513 834 1548 ecclesiam.
874 1511 919 1546 In
936 1512 1140 1559 coemiterio
1157 1511 1268 1557 hujus
1286 1512 1451 1546 ecclesiae
1473 1512 1584 1547 situm
1610 1519 1686 1550 erat
1713 1527 1791 1550 ora-

391 1574 524 1608 torium
543 1573 619 1606 sive
637 1572 816 1611 sacellum,
834 1581 855 1604 a
873 1569 920 1603 D.
939 1570 1120 1605 Rumoldo
1134 1573 1390 1611 constructum,
1404 1570 1443 1604 in
1456 1581 1528 1615 quo
1541 1571 1573 1605 is
1585 1571 1791 1617 frequenter

391 1631 557 1666 meditari
583 1629 740 1670 solebat3
765 1628 861 1673 quod
887 1638 967 1661 cum
993 1627 1032 1661 in
1058 1637 1199 1662 summa
1223 1628 1320 1672 apud
1336 1627 1475 1672 plebem
1493 1628 1789 1665 Machliniensem

391 1689 620 1724 veneratione
637 1691 740 1727 esset,
758 1685 840 1720 fidei
858 1686 977 1720 hostes
995 1685 1059 1730 qui
1076 1685 1146 1722 sibi
1163 1684 1378 1719 Gensiorum
1395 1696 1525 1720 nomen
1546 1693 1789 1731 sumpserunt,

390 1747 555 1782 funditus
573 1756 654 1779 cum
671 1744 796 1779 multis
815 1744 893 1778 aliis
912 1744 1021 1778 sacris
1039 1743 1124 1777 locis
1142 1746 1358 1777 everterunt.
1410 1741 1472 1777 Ab
1488 1743 1626 1784 iisdem,
1644 1744 1732 1779 dum
1746 1756 1790 1781 ex

392 1803 587 1848 improviso
604 1801 729 1836 urbem
747 1804 977 1845 occuparunt,
994 1801 1255 1836 inventumest
1271 1800 1310 1834 in
1332 1800 1450 1834 medio
1473 1802 1637 1836 ecclesiae
1661 1813 1789 1848 corpus

393 1861 429 1896 S.
448 1860 631 1900 Rumoldi,
649 1863 685 1893 et
701 1858 904 1893 foedissime
928 1859 1172 1893 conculcatum
1197 1861 1233 1891 et
1256 1858 1479 1902 dispersum3
1506 1858 1576 1893 Dei
1593 1864 1713 1895 tamen
1731 1860 1790 1895 be-

391 1920 569 1966 nignitate
599 1928 643 1951 ex
666 1917 777 1951 cranii
801 1916 963 1950 cicatrice
988 1920 1128 1956 notum,
1154 1926 1219 1960 ope
1246 1914 1408 1962 Virginis
1439 1920 1493 1951 est
1523 1921 1786 1953 conservatum.

393 1977 506 2012 Periit
524 1976 631 2010 etiam
644 1974 817 2009 feretrum
832 1974 931 2020 ejus:
950 1973 1126 2019 siquidem
1144 1984 1225 2007 cum
1242 1972 1367 2008 multis
1385 1973 1567 2008 miraculis
1584 1978 1620 2009 et
1638 1975 1789 2011 victoria

393 2042 517 2069 contra
533 2033 653 2068 hostes
671 2033 830 2072 clareret,
848 2031 1001 2066 fullones
1018 2035 1054 2066 et
1070 2035 1238 2071 textoreS,
1256 2042 1450 2076 eorumque
1476 2036 1667 2073 consortes,
1694 2044 1789 2068 anno

393 2092 581 2126 millesimo
603 2089 849 2125 trecentesimo
866 2089 1088 2135 sexagesimo
1104 2099 1211 2129 nono,
1237 2088 1283 2123 ob
1309 2088 1496 2123 victoriam
1521 2094 1699 2124 recentem
1724 2102 1788 2135 per

394 2150 470 2196 ejus
489 2149 617 2183 merita
634 2147 828 2187 obtentam,
846 2147 878 2181 ei
896 2158 941 2181 ex
958 2150 1043 2182 voto
1060 2151 1339 2181 construxerunt
1359 2146 1532 2181 feretrum
1558 2148 1786 2182 aestimatum

392 2208 430 2241 in
448 2208 600 2253 registro
618 2205 774 2240 civitatis
791 2205 830 2239 in
847 2209 996 2251 argento
1013 2209 1048 2239 et
1065 2204 1204 2239 factura
1221 2205 1266 2238 ad
1292 2205 1478 2251 sexaginta
1503 2205 1616 2239 millia
1638 2204 1787 2240 floreno-

393 2275 485 2305 rum,
509 2268 649 2309 praeter
674 2274 833 2309 gemmas
859 2267 895 2297 et
922 2262 993 2296 alia
1018 2273 1109 2307 quae
1134 2267 1258 2307 postea
1285 2266 1518 2297 accesserunt.
1582 2261 1788 2297 Novissime

394 2322 527 2356 celebre
544 2322 733 2355 donarium
757 2320 887 2367 adjecit
910 2320 1112 2366 Margarita
1137 2319 1379 2354 Maximiliani
1402 2319 1432 2353 Ι.
1458 2319 1684 2364 imperatoris
1702 2319 1786 2361 filia,

393 2379 511 2425 Belgii
528 2379 773 2425 gubernatrix,
791 2383 833 2412 ut
850 2378 972 2419 feretri
990 2378 1090 2412 valor
1107 2377 1217 2412 fuerit
1233 2378 1331 2412 ultra
1347 2388 1411 2412 vas
1428 2377 1507 2412 auri
1533 2388 1614 2411 cum
1639 2377 1684 2412 ab
1706 2377 1786 2411 hos·

395 2437 490 2472 tibus
509 2436 690 2482 religionis
707 2435 974 2480 profanabatur.
