2060 2848
654 297 829 331 GENTIS
852 298 1129 335 SCOTORUM.
1153 299 1242 332 LIB.
1264 299 1346 332 XII.
1636 301 1699 331 455

312 394 527 430 infidelitatis
545 397 678 427 statum
695 393 884 433 redierant,
902 393 1110 432 destinatus,
1129 392 1173 426 ab
1192 393 1363 436 improbis
1389 393 1537 439 paganis
1565 399 1697 439 marty-

311 454 366 487 rio
383 452 540 486 affectus.
592 450 742 494 Scripsit

458 508 519 543 Ad
536 508 754 542 Orcadianos
773 507 916 542 Monita
933 507 1103 541 salutaria
1294 507 1355 542 lib.
1378 517 1404 541 1.

357 567 512 602 Vivebat
528 577 622 600 anno
640 574 759 600 Mcrx.
810 564 951 599 Colitur
966 564 1024 598 die
1043 572 1130 599 XVI.
1149 562 1299 610 Aprilis.
1352 564 1516 601 Breviar.
1534 565 1628 601 Scot-

720 680 756 714 S.
784 677 1152 714 MOLONATHUS.
1205 677 1288 713 856.

311 799 345 832 S.
367 798 658 832 MOLONATHUS
674 795 870 839 episcopus,
888 794 1083 838 discipulus
1102 805 1142 827 ac
1159 794 1275 829 socius
1293 794 1590 840 peregrinationis
1603 794 1699 828 labo-

311 866 461 899 rumque
477 853 514 887 S.
534 850 729 889 Brandani.
746 851 890 895 scripsit
1207 884 1210 886 ,
1362 857 1365 858 ’

459 910 552 945 Acta
569 909 753 944 Brandani
772 908 936 953 magistri
1293 909 1355 943 lib.
1379 918 1404 942 Ι.

363 968 503 1003 Floruit
520 978 614 1002 anno
631 974 839 1001 Dcxxvm.
891 963 1030 999 Colitur
1047 966 1103 999 die
1122 975 1221 1000 XXV.
1239 966 1264 1000 J
1266 967 1353 1000 unii.
1405 966 1566 1000 Breviar.
1585 965 1678 1000 Scot.

729 1079 764 1113 S.
791 1077 1150 1114 MALIMBAEUS.
1204 1082 1288 1117 857.

311 1198 345 1230 S.
365 1196 651 1230 MALIMBAEUS
668 1194 825 1235 eremita,
844 1194 1094 1240 integerrimae
1112 1194 1208 1229 vitae
1221 1205 1262 1229 ac
1278 1194 1513 1229 sanctissimis
1532 1195 1701 1234 moribus

311 1265 390 1288 cum
410 1254 447 1287 in
464 1263 580 1286 eremo
601 1263 667 1286 sua
688 1252 745 1296 pie
769 1251 990 1286 orationibus
1017 1256 1171 1291 vacaret,
1197 1263 1219 1286 a
1244 1251 1358 1286 Danis
1376 1252 1701 1291 truculentissimis‚

312 1311 393 1345 fidei
410 1310 582 1349 hostibus,
603 1314 657 1343 est
674 1313 889 1353 peremptus·
940 1307 1081 1353 Scripta
1098 1309 1282 1353 perierunt
1299 1315 1362 1342 aut
1379 1312 1583 1352 temporum
1610 1309 1702 1355 inju-

312 1369 376 1408 ria,
396 1372 459 1402 aut
476 1366 735 1400 haereticorum
752 1366 910 1411 maligna
929 1365 1124 1410 impietate.

363 1425 503 1460 Floruit
519 1435 614 1458 anno
633 1432 786 1458 Mxxrv.
839 1422 979 1457 Colitur
996 1424 1053 1456 die
1071 1431 1188 1456 XXVI.
1205 1422 1229 1456 J
1231 1422 1307 1457 ulii.
1360 1423 1523 1459 Breviar.
1542 1423 1667 1458 Scotic.

758 1537 794 1572 S.
822 1535 1050 1571 MATHAN
1055 1536 1126 1571 US.
1177 1539 1264 1572 858.

314 1654 348 1687 S.
368 1654 607 1687 MATHANUS
625 1653 821 1698 episcopus,
839 1652 1014 1686 incertum
1041 1651 1143 1697 cujus
1169 1653 1274 1692 sedis,
1300 1653 1490 1697 praecipua
1515 1654 1702 1688 sanctitate

314 1711 379 1745 sub
396 1710 560 1745 Donaldo
577 1722 660 1757 rege
678 1710 857 1744 inclaruit.
910 1709 1064 1753 Scripsit

462 1766 516 1800 De
551 1766 774 1800 Benedictini
809 1765 955 1799 Ordinis
992 1765 1086 1809 apud
1121 1764 1243 1800 Scotos
1279 1765 1501 1801 Claritudine
1578 1767 1638 1801 lib.
1677 1777 1701 1801 1.

510 1822 604 1856 Nam
623 1823 681 1856 ille
699 1823 785 1856 ordo
802 1822 928 1855 nullibi
946 1823 1102 1856 sanctius
1120 1834 1228 1866 quam
1246 1824 1341 1866 apud
1359 1823 1481 1857 Scotos
1497 1825 1614 1870 viguit
1630 1837 1638 1859 ε
1659 1837 1701 1859 ex

510 1879 697 1913 annalibus
715 1879 846 1913 nostris
864 1878 1029 1922 probavit
1050 1878 1233 1913 Arnoldus
1260 1879 1392 1920 Uvion,
1420 1892 1492 1914 non
1517 1892 1589 1916 uno
1614 1883 1700 1921 loco,

511 1937 571 1970 sed
590 1936 776 1980 praecipue
793 1935 853 1969 lib.
874 1945 899 1969 1.
917 1946 993 1979 cap.
1013 1944 1128 1970 LXXI.
1148 1937 1241 1970 idem
1259 1936 1294 1970 S.
1313 1936 1488 1972 Adelmus
1507 1938 1700 1978 confirmat,

508 1993 669 2027 omnium
686 1992 872 2027 Scotorum
893 2004 935 2027 eo
957 2003 1045 2027 aevo
1070 1993 1333 2028 literatissimus
1358 1994 1515 2036 habitus,
1542 1995 1633 2030 libro
1658 1996 1701 2030 de

514 2049 697 2084 Laudibus
714 2049 944 2096 virginitatis
961 2061 1036 2094 cap.
1054 2059 1175 2084 XXIX,
1192 2051 1254 2086 ubi
1271 2051 1315 2084 de
1334 2050 1370 2086 S.
1390 2051 1604 2088 Benedicto:

614 2153 714 2192 Hujus
726 2152 907 2182 alumnorum
922 2163 1040 2182 numero
1053 2154 1249 2192 glomerantur
1263 2160 1390 2189 ovantes,

612 2200 694 2235 Quos
706 2200 781 2238 gerit
795 2199 825 2227 iu
839 2200 947 2238 gremio
959 2201 1098 2229 foecunda
1113 2200 1263 2230 Britannia
1276 2201 1353 2231 cives
1363 2214 1371 2236 ;

615 2248 643 2276 A
658 2257 714 2285 quo
723 2247 783 2284 jam
798 2247 878 2275 nobis
891 2247 1025 2285 baptismi
1038 2247 1131 2285 gratia
1144 2247 1237 2281 fulsit,

614 2296 713 2332 Atque
726 2294 928 2331 magistrorum
941 2293 1103 2322 veneranda
1115 2299 1229 2323 caterva
1242 2295 1378 2324 cucurrit.

364 2395 465 2430 Vixit
484 2406 576 2429 anno
596 2402 783 2429 DCCCLVI.
818 2393 958 2429 Colitur
970 2394 1026 2428 die
1040 2403 1177 2430 XXux.
1195 2394 1391 2440 Septembr.
1429 2396 1588 2432 Breviar.
1605 2397 1698 2432 Scot-
