2118 2854
427 428 927 484 HISTORIAE
969 427 1736 484 ECCLESIASTICAE

718 537 999 587 GENTIS
1037 536 1438 585 SCOTORUM

915 668 1100 708 LIBER
1129 668 1253 708 VIII.

658 804 695 839 S.
723 803 1030 839 STEPHANUS
1058 803 1372 839 HARDINGUS.
1426 803 1509 842 627.

391 905 409 918 ·‘
428 899 463 932 S.
487 897 734 931 STEPHANUS
752 896 975 942 Hardingus,
999 907 1071 930 non
1096 896 1215 930 minus
1242 896 1324 940 pius
1350 907 1459 941 quam
1485 896 1621 936 doctus,
1648 897 1783 931 ordinis

388 954 631 990 Cisterciensis
644 955 732 1000 jecit
751 953 1016 993 fundamenta,”
1034 953 1085 987 ait
1103 953 1279 995 Balaeus3
1303 955 1480 1000 longaque
1498 953 1681 1000 religionis
1699 966 1784 1000 ergo

386 1012 672 1059 peregrinatione
689 1015 864 1057 suscepta,
883 1012 921 1045 in
939 1011 1107 1045 coenobio
1124 1022 1146 1045 a
1163 1022 1200 1045 se
1217 1016 1333 1046 erecto
1352 1010 1591 1052 cisterciensi,
1618 1022 1691 1046 non
1709 1012 1784 1046 sine

386 1069 585 1105 sanctitatis
600 1070 775 1114 opinione,
792 1069 1020 1103 obdormivit.
1060 1068 1170 1102 Plura
1183 1069 1226 1103 de
1238 1080 1279 1103 eo
1292 1068 1505 1103 Vincentius
1520 1068 1783 1104 Bellovacensis

386 1128 445 1162 lib.
462 1135 579 1161 XXVI.
595 1126 735 1171 Speculi
750 1138 825 1171 cap.
842 1136 867 1161 1.
884 1136 927 1160 11.
942 1126 1030 1161 Vita
1045 1126 1081 1160 S.
1097 1126 1285 1167 Bernardi,
1297 1131 1332 1160 et
1346 1125 1434 1161 Vita
1448 1126 1483 1161 S.
1499 1126 1660 1166 Roberti,
1675 1138 1783 1172 quam

386 1186 465 1219 Odo
483 1185 590 1219 abbas
609 1184 851 1218 Molismensis
869 1184 1019 1218 describi
1043 1188 1240 1218 curaverat.
1295 1183 1339 1218 In
1364 1189 1568 1219 sanctorum
1592 1195 1782 1219 numerum

386 1244 529 1282 relatus,
543 1246 762 1276 memoratur
776 1242 821 1276 ab
832 1242 977 1276 ecclesia
990 1242 1047 1276 die
1061 1241 1330 1286 XV11..Aprilis.
1375 1241 1613 1288 Martyrolog.
1629 1241 1781 1276 Roman.

385 1309 418 1337 et
437 1302 570 1336 Baron.
589 1301 741 1346 quinon
765 1301 810 1335 ad
833 1311 991 1334 manum.
1045 1299 1105 1333 Ex
1130 1310 1171 1333 eo
1196 1298 1348 1334 Arnold.
1375 1298 1498 1333 Uvion
1523 1299 1585 1333 lib.
1613 1308 1673 1333 111.
1700 1310 1782 1346 pag.

385 1368 576 1393 cxxxvn.
596 1364 618 1378 “
631 1358 923 1393 Cisterciensium
937 1356 1054 1391 Gallia
1068 1356 1104 1390 S.
1124 1356 1296 1401 Stephani
1311 1357 1460 1398 abbatis,
1480 1357 1543 1402 qui
1556 1357 1695 1401 primus
1710 1368 1782 1391 ere-

385 1428 483 1451 mum
502 1416 771 1451 Cisterciensem
785 1415 944 1455 incoluit,
960 1419 995 1448 et
1009 1414 1044 1448 S.
1061 1414 1285 1448 Bernardum
1300 1425 1382 1449 cum
1400 1414 1503 1449 sociis
1524 1415 1568 1448 ad
1583 1425 1620 1448 se
1639 1415 1782 1449 venien-

384 1480 454 1508 tem
473 1475 586 1508 laetus
610 1473 758 1518 excepit,
785 1483 939 1518 quorum
965 1471 1064 1506 foetu
1090 1471 1323 1506 monasticam
1349 1471 1613 1506 observantiam
1639 1472 1783 1506 restitu-

384 1538 469 1571 tam,
488 1532 525 1565 in
543 1536 702 1576 posteros
720 1531 871 1565 feliciter
888 1529 1134 1575 propagavit?
1184 1528 1316 1563 Annus
1335 1534 1457 1563 autem
1482 1540 1555 1574 quo
1572 1529 1608 1564 S.
1628 1529 1782 1564 Bernar-

384 1590 469 1623 ‹lum
500 1588 638 1633 excepit
668 1593 879 1622 numeratur
909 1595 1064 1621 MCXIII.
1116 1586 1246 1621 Multis
1278 1586 1486 1633 Sigebertus
1518 1586 1781 1622 Gemblacensis

384 1646 560 1681 Chronico
578 1646 623 1679 ad
641 1656 776 1679 annum
795 1653 932 1679 Mcvn.
982 1644 1110 1679 Edidit

531 1703 702 1737 Chartam
720 1702 917 1736 Charitatis
1227 1701 1289 1736 lib.
1310 1710 1335 1735 Ι.

531 1760 637 1794 Vitae
654 1760 869 1794 monasticae
888 1759 996 1793 Ritus
1224 1759 1285 1793 lib.
1306 1768 1331 1793 1.

534 1817 812 1851 Exhortationes
831 1817 876 1851 ad
893 1828 975 1851 suos
1228 1817 1290 1851 lib.
1310 1826 1335 1851 1.

434 1876 572 1909 Claruit
586 1886 679 1909 anno
695 1883 878 1909 chvm.
892 1875 949 1909 vel
965 1882 1135 1909 Mcxxn.
1176 1873 1267 1909 Late
1282 1874 1514 1909 Malmesbur.
1530 1875 1591 1910 lib.
1608 1884 1660 1910 1v.
1683 1876 1778 1910 Hist.

383 1945 463 1978 pag.
486 1941 601 1966 LXXI.

829 2047 865 2082 S.
895 2046 1188 2082 HEBREDUS.
1242 2046 1326 2082 628.

385 2164 419 2195 S.
443 2162 669 2197 HEBREDUS
688 2163 868 2197 colebatur
886 2162 1053 2209 religiosa
1070 2162 1201 2207 pietate
1225 2174 1246 2196 a
1269 2162 1382 2197 Pictis
1407 2168 1443 2197 et
1464 2163 1652 2198 Britannis
1676 2165 1779 2198 meri-

386 2219 584 2253 dionalibus
603 2225 684 2254 ante
703 2220 897 2254 adventum
912 2219 1123 2266 Augustini,
1139 2220 1281 2260 Meum,
1296 2224 1331 2254 et
1345 2219 1368 2253 J
1370 2221 1454 2255 usti.
1490 2220 1514 2254 J
1516 2232 1595 2255 oan.
1610 2221 1779 2256 Leslaeus

386 2277 446 2310 lib.
467 2285 520 2309 lv,
548 2281 569 2295 ‘⁶
588 2276 677 2310 Tres
695 2277 857 2311 doctrina
875 2282 910 2312 et
927 2278 1059 2322 pietate
1076 2282 1297 2322 praestantes
1317 2278 1398 2318 viri,
1416 2278 1560 2312 natione
1579 2278 1687 2319 Scoti,
1708 2279 1781 2313 He-

386 2334 526 2374 bredus,
554 2332 775 2374 Dunstanus,
803 2339 838 2368 et
856 2333 1060 2375 ConuaIIus,
1087 2346 1239 2380 quorum
1259 2335 1430 2369 memoria
1447 2336 1556 2370 etiam
1574 2336 1640 2370 hoc
1658 2342 1779 2371 nostro

387 2401 473 2425 aevo
491 2390 585 2435 apud
603 2390 724 2426 Scotos
742 2402 872 2437 magna
889 2392 1090 2427 celebritate
1108 2392 1319 2427 colebatur.'’
1371 2391 1520 2438 Scripsit

537 2447 671 2483 Contra
688 2453 851 2483 externas
869 2448 1115 2484 Caeremonias
1327 2450 1387 2485 lib.
1408 2459 1432 2484 Ι.
