2060 2848
668 303 842 336 GENTIS
865 303 1141 343 SCOTORUM,
1163 303 1252 336 LIB.
1273 304 1369 337 XIV.
1650 306 1713 339 515

821 450 1095 488 OSBERTUS.
1147 454 1231 490 980.

336 565 371 599 S.
398 565 619 605 OSBERTUS,
648 568 684 599 et
714 564 790 609 ipse
817 564 853 599 S.
886 564 1084 611 Augustini
1116 565 1276 610 regulam
1307 566 1501 610 amplexus,
1527 566 1714 601 canonicus

335 622 507 667 regularis
536 621 748 655 monachum
778 622 896 655 induit
926 622 964 655 in
990 620 1139 655 Sanctae
1164 621 1288 655 Crucis
1316 633 1425 666 prope
1450 621 1713 670 Edimburgum

335 679 434 724 regio
450 678 686 718 monasteri03
719 678 860 712 tandem
880 678 1016 712 meritis
1033 678 1146 712 indies
1168 679 1415 720 crescentibus,
1441 690 1522 713 cum
1540 679 1715 715 Alcuinus

335 746 438 769 curae
455 735 624 780 pastorali
642 736 895 775 renunciasset,
915 735 953 768 in
970 734 1131 769 abbatem
1150 735 1271 769 eodem
1288 735 1344 769 die
1362 736 1503 771 electus.
1555 735 1705 782 Scripsit

481 791 575 826 Acta
591 791 628 825 S.
646 790 796 825 Davidis
816 791 1032 825 Fundatoris
1263 791 1325 825 lib.
1345 800 1370 826 1.

384 847 506 882 Abbas
535 853 684 888 creatus
715 852 750 882 et
775 854 939 882 mortuus
963 858 1057 882 anno
1083 855 1230 882 Mcxm.
1289 846 1460 883 Scotichr.
1487 849 1549 884 lib.
1576 857 1614 884 v.
1640 860 1714 896 cap.

338 913 457 939 xnnl.

827 1016 1101 1052 OSBERTUS.
1151 1018 1235 1055 981.

337 1133 547 1167 Osmm'rtss
577 1131 772 1176 episcopus,
802 1130 913 1164 nobili
947 1130 1101 1177 ingenio,
1136 1133 1172 1164 et
1201 1130 1295 1164 claro
1328 1130 1404 1165 loco
1437 1134 1554 1172 natus,
1588 1131 1718 1177 episco-

335 1200 403 1234 pus
431 1188 719 1227 Dumblanensis,
747 1187 879 1226 rhetor,
909 1192 1023 1231 poeta,
1048 1187 1291 1232 philosophus,
1317 1187 1503 1234 theologus
1528 1198 1636 1233 supra
1662 1199 1718 1223 ae-

335 1246 421 1280 tatis
438 1256 522 1280 suae
540 1244 749 1284 barbariem,
768 1255 832 1277 nec
849 1244 968 1277 minus
989 1244 1120 1287 pietate
1137 1244 1453 1286 nominatissimus,
1472 1245 1614 1291 scripsit

483 1302 670 1336 Orationes
688 1301 958 1334 facundissimae
1264 1301 1325 1335 lib.
1344 1310 1371 1336 1.

486 1358 651 1402 Hymnos
668 1357 711 1391 de
728 1357 866 1391 Sanctis
1270 1357 1333 1392 lib.
1353 1366 1378 1392 1.

481 1414 536 1448 De
554 1413 681 1448 Causis
698 1414 859 1448 secundis
1267 1413 1329 1448 lib.
1349 1422 1375 1448 1.

481 1471 536 1504 De
555 1470 881 1504 Praedestinatione
1266 1471 1327 1505 lib.
1347 1479 1373 1504 1.

385 1528 486 1563 Obiit
502 1538 596 1561 anno
615 1534 820 1560 mccxxxr
864 1526 1039 1572 Georgius
1057 1526 1259 1563 Neutonus.

646 1638 859 1674 ADAMUS
884 1638 1275 1676 OTTERBURNUS.
1327 1642 1410 1679 982.

337 1755 516 1791 ADAMUS
533 1753 787 1794 otterburnus‚
804 1753 996 1787 advocatus
1021 1753 1141 1800 regius
1166 1754 1234 1789 sub
1257 1754 1391 1790 Jacobo
1410 1754 1455 1790 V.
1482 1765 1648 1802 magnam
1674 1756 1718 1790 ab

338 1812 481 1859 ingenio
497 1822 563 1846 suo
579 1812 732 1850 laudem,
753 1810 945 1844 maximam
963 1821 985 1843 a
1002 1809 1147 1856 Georgii
1173 1810 1382 1846 Buchanani
1407 1813 1592 1857 praeconio
1616 1813 1718 1847 aesti-

336 1869 527 1903 mationem
543 1868 690 1912 peperit,
707 1866 914 1911 praesertim
932 1877 954 1899 a
970 1866 1175 1900 literaturae
1192 1868 1348 1911 poeticae
1369 1869 1492 1914 gloria,
1520 1873 1562 1903 ut
1585 1879 1629 1903 ex
1645 1869 1716 1913 epi-

337 1929 531 1970 grammate
549 1924 618 1958 isto
635 1923 815 1968 colligitur
831 1922 925 1967 quod
943 1932 986 1956 ex
1004 1922 1083 1956 libr.
1103 1932 1145 1956 11.
1165 1923 1424 1969 Epigrammat.
1444 1926 1584 1972 elegans
1601 1930 1665 1966 est,
1680 1930 1715 1960 et

337 1991 522 2026 apponam.

597 2068 677 2097 Lana
689 2076 753 2096 mea
766 2071 819 2100 est,
833 2066 938 2105 inquis,
951 2071 1003 2095 tua
1016 2067 1073 2096 tela
1087 2073 1141 2102 est,
1155 2078 1220 2097 cum
1233 2069 1288 2098 tibi
1300 2069 1388 2098 reddo

636 2114 718 2142 Haec
731 2113 767 2142 de
780 2114 952 2142 carminibus
966 2114 1090 2142 carmina
1103 2115 1178 2143 facta
1191 2115 1258 2143 tuis.

601 2159 756 2200 Synthesin
770 2169 787 2188 e
800 2160 912 2198 propria
926 2166 1034 2188 textam
1049 2160 1073 2188 si
1087 2160 1152 2189 dem
1165 2161 1219 2189 tibi
1232 2161 1307 2195 lana,

635 2206 734 2235 Gloria
748 2205 894 2234 Palladiae
908 2215 963 2234 non
977 2206 1069 2235 minor
1082 2207 1151 2236 artis
1164 2208 1237 2236 erit:

596 2256 659 2284 Nec
672 2256 767 2283 minus
780 2255 885 2292 insigni
901 2254 1044 2293 Lysippus
1056 2253 1141 2282 laude
1153 2254 1271 2288 feretur,

638 2301 714 2330 Aere
728 2301 796 2330 licet
810 2301 898 2339 fingat
912 2301 993 2338 signa
1005 2301 1130 2329 animosa
1143 2305 1201 2329 tuo.
