<?xml version="1.0" encoding="UTF-8"?>
<!DOCTYPE html PUBLIC "-//W3C//DTD XHTML 1.0 Transitional//EN"
    "http://www.w3.org/TR/xhtml1/DTD/xhtml1-transitional.dtd">
<html xmlns="http://www.w3.org/1999/xhtml" xml:lang="en" lang="en">
 <head>
  <title>
</title>
<meta http-equiv="Content-Type" content="text/html;charset=utf-8" />
  <meta name='ocr-system' content='tesseract 3.04.00' />
  <meta name='ocr-capabilities' content='ocr_page ocr_carea ocr_par ocr_line ocrx_word'/>
</head>
<body>
  <div class='ocr_page' id='page_1' title='image "./thomaedempster2102dempuoft_0052.png"; bbox 0 0 2060 2848; ppageno 0'>
   <div class='ocr_carea' id='block_1_1' title="bbox 377 327 1398 361">
    <p class='ocr_par' dir='ltr' id='par_1_1' title="bbox 377 327 1398 361">
     <span class='ocr_line' id='line_1_1' title="bbox 377 327 1398 361; baseline 0 -2"><span class='ocrx_word' id='word_1_1' title='bbox 377 329 441 361; x_wconf 70' lang='lat'>374</span> <span class='ocrx_word' id='word_1_2' title='bbox 762 328 994 361; x_wconf 87' lang='lat' dir='ltr'><strong>HISTORIA</strong></span> <span class='ocrx_word' id='word_1_3' title='bbox 1018 327 1398 360; x_wconf 88' lang='lat' dir='ltr'>ECCLESIASTICA</span> 
     </span>
    </p>
   </div>
   <div class='ocr_carea' id='block_1_2' title="bbox 385 421 1777 525">
    <p class='ocr_par' dir='ltr' id='par_1_2' title="bbox 385 421 1777 525">
     <span class='ocr_line' id='line_1_2' title="bbox 385 421 1776 468; baseline 0.001 -11"><span class='ocrx_word' id='word_1_4' title='bbox 385 424 487 463; x_wconf 87' lang='lat' dir='ltr'>cioni,</span> <span class='ocrx_word' id='word_1_5' title='bbox 506 423 653 457; x_wconf 90' lang='lat' dir='ltr'>tertium</span> <span class='ocrx_word' id='word_1_6' title='bbox 671 423 860 457; x_wconf 90' lang='lat' dir='ltr'>minimum</span> <span class='ocrx_word' id='word_1_7' title='bbox 878 423 1015 457; x_wconf 90' lang='lat' dir='ltr'>duobus</span> <span class='ocrx_word' id='word_1_8' title='bbox 1034 422 1189 468; x_wconf 88' lang='lat' dir='ltr'>ingentis</span> <span class='ocrx_word' id='word_1_9' title='bbox 1208 426 1366 455; x_wconf 84' lang='lat' dir='ltr'>staturae</span> <span class='ocrx_word' id='word_1_10' title='bbox 1384 421 1518 456; x_wconf 84' lang='lat' dir='ltr'>clericis</span> <span class='ocrx_word' id='word_1_11' title='bbox 1541 422 1683 463; x_wconf 89' lang='lat' dir='ltr'>obtulit,</span> <span class='ocrx_word' id='word_1_12' title='bbox 1709 423 1776 458; x_wconf 89' lang='lat' dir='ltr'>fes-</span> 
     </span>
     <span class='ocr_line' id='line_1_3' title="bbox 387 480 1777 525; baseline 0.001 -11"><span class='ocrx_word' id='word_1_13' title='bbox 387 481 460 515; x_wconf 89' lang='lat' dir='ltr'>tive</span> <span class='ocrx_word' id='word_1_14' title='bbox 479 481 657 521; x_wconf 86' lang='lat' dir='ltr'>dictitans,</span> <span class='ocrx_word' id='word_1_15' title='bbox 687 485 708 500; x_wconf 81' lang='lat'>‘⁶</span> <span class='ocrx_word' id='word_1_16' title='bbox 727 480 927 525; x_wconf 86' lang='lat' dir='ltr'>Utrobique</span> <span class='ocrx_word' id='word_1_17' title='bbox 945 481 1034 514; x_wconf 90' lang='lat' dir='ltr'>duos</span> <span class='ocrx_word' id='word_1_18' title='bbox 1051 490 1199 525; x_wconf 85' lang='lat' dir='ltr'>magnos</span> <span class='ocrx_word' id='word_1_19' title='bbox 1218 483 1253 512; x_wconf 90' lang='lat' dir='ltr'>et</span> <span class='ocrx_word' id='word_1_20' title='bbox 1271 489 1385 512; x_wconf 88' lang='lat' dir='ltr'>unum</span> <span class='ocrx_word' id='word_1_21' title='bbox 1402 489 1556 522; x_wconf 84' lang='lat' dir='ltr'>parvum</span> <span class='ocrx_word' id='word_1_22' title='bbox 1575 491 1615 514; x_wconf 89' lang='lat' dir='ltr'>ea</span> <span class='ocrx_word' id='word_1_23' title='bbox 1632 481 1669 514; x_wconf 92' lang='lat' dir='ltr'>in</span> <span class='ocrx_word' id='word_1_24' title='bbox 1688 482 1777 516; x_wconf 91' lang='lat' dir='ltr'>divi-</span> 
     </span>
    </p>
   </div>
   <div class='ocr_carea' id='block_1_3' title="bbox 389 536 1776 633">
    <p class='ocr_par' dir='ltr' id='par_1_3' title="bbox 389 536 1776 633">
     <span class='ocr_line' id='line_1_4' title="bbox 389 536 1230 582; baseline -0.004 -10"><span class='ocrx_word' id='word_1_25' title='bbox 389 539 498 578; x_wconf 87' lang='lat' dir='ltr'>sione,</span> <span class='ocrx_word' id='word_1_26' title='bbox 518 544 660 572; x_wconf 86' lang='lat' dir='ltr'>servata</span> <span class='ocrx_word' id='word_1_27' title='bbox 678 545 773 572; x_wconf 87' lang='lat' dir='ltr'>recta</span> <span class='ocrx_word' id='word_1_28' title='bbox 790 538 1032 582; x_wconf 85' lang='lat' dir='ltr'>proportione,</span> <span class='ocrx_word' id='word_1_29' title='bbox 1050 536 1230 580; x_wconf 88' lang='lat' dir='ltr'>reperiri.&#39;’</span> 
     </span>
     <span class='ocr_line' id='line_1_5' title="bbox 434 593 1776 633; baseline -0.001 -3"><span class='ocrx_word' id='word_1_30' title='bbox 434 595 589 630; x_wconf 85' lang='lat' dir='ltr'>Vivebat</span> <span class='ocrx_word' id='word_1_31' title='bbox 606 607 699 629; x_wconf 87' lang='lat' dir='ltr'>anno</span> <span class='ocrx_word' id='word_1_32' title='bbox 717 605 831 629; x_wconf 85' lang='lat' dir='ltr'>Dece.</span> <span class='ocrx_word' id='word_1_33' title='bbox 851 595 996 629; x_wconf 85' lang='lat' dir='ltr'><strong>Gesner.</strong></span> <span class='ocrx_word' id='word_1_34' title='bbox 1015 595 1052 628; x_wconf 92' lang='lat' dir='ltr'>in</span> <span class='ocrx_word' id='word_1_35' title='bbox 1072 593 1305 633; x_wconf 90' lang='lat' dir='ltr'>Bibliotheca,</span> <span class='ocrx_word' id='word_1_36' title='bbox 1332 593 1388 626; x_wconf 92' lang='lat' dir='ltr'>vel</span> <span class='ocrx_word' id='word_1_37' title='bbox 1412 594 1527 629; x_wconf 86' lang='lat' dir='ltr'>multo</span> <span class='ocrx_word' id='word_1_38' title='bbox 1550 595 1663 629; x_wconf 88' lang='lat' dir='ltr'>serius</span> <span class='ocrx_word' id='word_1_39' title='bbox 1682 606 1776 630; x_wconf 89' lang='lat' dir='ltr'>anno</span> 
     </span>
    </p>
   </div>
   <div class='ocr_carea' id='block_1_4' title="bbox 375 651 1777 1963">
    <p class='ocr_par' dir='ltr' id='par_1_4' title="bbox 375 651 1777 1963">
     <span class='ocr_line' id='line_1_6' title="bbox 386 651 1777 698; baseline 0 -11"><span class='ocrx_word' id='word_1_40' title='bbox 386 662 675 688; x_wconf 71' lang='lat' dir='ltr'>DCCCLxxxm.</span> <span class='ocrx_word' id='word_1_41' title='bbox 718 651 1111 686; x_wconf 78' lang='lat' dir='ltr'>westmonasteriensis</span> <span class='ocrx_word' id='word_1_42' title='bbox 1146 662 1187 684; x_wconf 91' lang='lat' dir='ltr'>eo</span> <span class='ocrx_word' id='word_1_43' title='bbox 1221 661 1315 684; x_wconf 86' lang='lat' dir='ltr'>anno</span> <span class='ocrx_word' id='word_1_44' title='bbox 1349 651 1388 684; x_wconf 89' lang='lat' dir='ltr'>in</span> <span class='ocrx_word' id='word_1_45' title='bbox 1422 651 1594 698; x_wconf 86' lang='lat' dir='ltr'>Angliam</span> <span class='ocrx_word' id='word_1_46' title='bbox 1638 653 1777 687; x_wconf 87' lang='lat' dir='ltr'>venisse</span> 
     </span>
     <span class='ocr_line' id='line_1_7' title="bbox 386 707 1777 755; baseline 0 -11"><span class='ocrx_word' id='word_1_47' title='bbox 386 711 519 745; x_wconf 86' lang='lat' dir='ltr'>scribit.</span> <span class='ocrx_word' id='word_1_48' title='bbox 571 711 639 746; x_wconf 93' lang='lat' dir='ltr'>Vel</span> <span class='ocrx_word' id='word_1_49' title='bbox 657 722 750 745; x_wconf 91' lang='lat' dir='ltr'>anno</span> <span class='ocrx_word' id='word_1_50' title='bbox 769 719 885 744; x_wconf 77' lang='lat' dir='ltr'>cmlv.</span> <span class='ocrx_word' id='word_1_51' title='bbox 913 710 979 743; x_wconf 86' lang='lat' dir='ltr'>sub</span> <span class='ocrx_word' id='word_1_52' title='bbox 1006 708 1180 754; x_wconf 83' lang='lat' dir='ltr'>Gregorio</span> <span class='ocrx_word' id='word_1_53' title='bbox 1206 707 1344 742; x_wconf 86' lang='lat' dir='ltr'>Scotiae</span> <span class='ocrx_word' id='word_1_54' title='bbox 1369 720 1464 755; x_wconf 88' lang='lat' dir='ltr'>rege,</span> <span class='ocrx_word' id='word_1_55' title='bbox 1491 710 1548 743; x_wconf 89' lang='lat' dir='ltr'>vel</span> <span class='ocrx_word' id='word_1_56' title='bbox 1573 721 1657 744; x_wconf 85' lang='lat' dir='ltr'>sane</span> <span class='ocrx_word' id='word_1_57' title='bbox 1683 721 1777 745; x_wconf 86' lang='lat' dir='ltr'>anno</span> 
     </span>
     <span class='ocr_line' id='line_1_8' title="bbox 384 765 1774 811; baseline 0 -9"><span class='ocrx_word' id='word_1_58' title='bbox 384 777 617 802; x_wconf 83' lang='lat' dir='ltr'><strong>DCCLXXIII.</strong></span> <span class='ocrx_word' id='word_1_59' title='bbox 647 768 796 802; x_wconf 88' lang='lat' dir='ltr'>Verner.</span> <span class='ocrx_word' id='word_1_60' title='bbox 816 767 1057 801; x_wconf 89' lang='lat' dir='ltr'>Rolevinchus</span> <span class='ocrx_word' id='word_1_61' title='bbox 1075 767 1114 800; x_wconf 88' lang='lat' dir='ltr'>in</span> <span class='ocrx_word' id='word_1_62' title='bbox 1140 765 1326 800; x_wconf 90' lang='lat' dir='ltr'>Fasciculo</span> <span class='ocrx_word' id='word_1_63' title='bbox 1345 765 1566 811; x_wconf 88' lang='lat' dir='ltr'>Temporum</span> <span class='ocrx_word' id='word_1_64' title='bbox 1593 779 1633 802; x_wconf 91' lang='lat' dir='ltr'>eo</span> <span class='ocrx_word' id='word_1_65' title='bbox 1657 779 1774 802; x_wconf 84' lang='lat' dir='ltr'>anno:</span> 
     </span>
     <span class='ocr_line' id='line_1_9' title="bbox 386 824 1777 870; baseline 0 -11"><span class='ocrx_word' id='word_1_66' title='bbox 386 831 406 844; x_wconf 92' lang='lat'>“</span> <span class='ocrx_word' id='word_1_67' title='bbox 423 826 447 858; x_wconf 86' lang='lat' dir='ltr'><strong>J</strong></span> <span class='ocrx_word' id='word_1_68' title='bbox 449 837 578 859; x_wconf 86' lang='lat' dir='ltr'>oannes</span> <span class='ocrx_word' id='word_1_69' title='bbox 597 825 722 859; x_wconf 90' lang='lat' dir='ltr'>Scotus</span> <span class='ocrx_word' id='word_1_70' title='bbox 740 825 966 859; x_wconf 86' lang='lat' dir='ltr'>doctissimus</span> <span class='ocrx_word' id='word_1_71' title='bbox 983 825 1022 858; x_wconf 90' lang='lat' dir='ltr'>in</span> <span class='ocrx_word' id='word_1_72' title='bbox 1040 824 1229 858; x_wconf 85' lang='lat' dir='ltr'>Franciam</span> <span class='ocrx_word' id='word_1_73' title='bbox 1253 824 1363 864; x_wconf 91' lang='lat' dir='ltr'>venit,</span> <span class='ocrx_word' id='word_1_74' title='bbox 1389 831 1424 859; x_wconf 87' lang='lat' dir='ltr'>et</span> <span class='ocrx_word' id='word_1_75' title='bbox 1447 829 1577 870; x_wconf 84' lang='lat' dir='ltr'>rogatu</span> <span class='ocrx_word' id='word_1_76' title='bbox 1601 825 1777 859; x_wconf 90' lang='lat' dir='ltr'>Ludovici</span> 
     </span>
     <span class='ocr_line' id='line_1_10' title="bbox 384 881 1777 927; baseline 0.001 -11"><span class='ocrx_word' id='word_1_77' title='bbox 384 883 630 917; x_wconf 86' lang='lat' dir='ltr'>Hierarchiam</span> <span class='ocrx_word' id='word_1_78' title='bbox 659 882 825 927; x_wconf 88' lang='lat' dir='ltr'>Dionysii</span> <span class='ocrx_word' id='word_1_79' title='bbox 851 882 894 915; x_wconf 89' lang='lat' dir='ltr'>de</span> <span class='ocrx_word' id='word_1_80' title='bbox 921 881 1056 916; x_wconf 87' lang='lat' dir='ltr'>Graeco</span> <span class='ocrx_word' id='word_1_81' title='bbox 1086 881 1274 915; x_wconf 82' lang='lat' dir='ltr'>transtulit</span> <span class='ocrx_word' id='word_1_82' title='bbox 1303 881 1341 915; x_wconf 91' lang='lat' dir='ltr'>in</span> <span class='ocrx_word' id='word_1_83' title='bbox 1372 881 1556 922; x_wconf 89' lang='lat' dir='ltr'>Latinum,</span> <span class='ocrx_word' id='word_1_84' title='bbox 1585 887 1620 917; x_wconf 91' lang='lat' dir='ltr'>et</span> <span class='ocrx_word' id='word_1_85' title='bbox 1649 887 1730 927; x_wconf 84' lang='lat' dir='ltr'>post</span> <span class='ocrx_word' id='word_1_86' title='bbox 1757 894 1777 916; x_wconf 85' lang='lat' dir='ltr'>a</span> 
     </span>
     <span class='ocr_line' id='line_1_11' title="bbox 382 939 1777 985; baseline -0.001 -11"><span class='ocrx_word' id='word_1_87' title='bbox 382 941 562 984; x_wconf 84' lang='lat' dir='ltr'>discipulis</span> <span class='ocrx_word' id='word_1_88' title='bbox 580 940 763 974; x_wconf 85' lang='lat' dir='ltr'>confossus</span> <span class='ocrx_word' id='word_1_89' title='bbox 781 940 895 985; x_wconf 86' lang='lat' dir='ltr'>stylis,</span> <span class='ocrx_word' id='word_1_90' title='bbox 914 940 1078 979; x_wconf 87' lang='lat' dir='ltr'>moritur,</span> <span class='ocrx_word' id='word_1_91' title='bbox 1097 944 1133 973; x_wconf 90' lang='lat' dir='ltr'>et</span> <span class='ocrx_word' id='word_1_92' title='bbox 1150 943 1246 979; x_wconf 89' lang='lat' dir='ltr'>nota,</span> <span class='ocrx_word' id='word_1_93' title='bbox 1264 939 1360 983; x_wconf 90' lang='lat' dir='ltr'>quod</span> <span class='ocrx_word' id='word_1_94' title='bbox 1378 939 1519 983; x_wconf 84' lang='lat' dir='ltr'>saepius</span> <span class='ocrx_word' id='word_1_95' title='bbox 1538 940 1620 974; x_wconf 87' lang='lat' dir='ltr'>libri</span> <span class='ocrx_word' id='word_1_96' title='bbox 1638 940 1777 985; x_wconf 90' lang='lat' dir='ltr'>Diony-</span> 
     </span>
     <span class='ocr_line' id='line_1_12' title="bbox 381 997 1774 1042; baseline -0.001 -10"><span class='ocrx_word' id='word_1_97' title='bbox 381 999 424 1033; x_wconf 90' lang='lat' dir='ltr'>sii</span> <span class='ocrx_word' id='word_1_98' title='bbox 450 999 612 1032; x_wconf 84' lang='lat' dir='ltr'>translati</span> <span class='ocrx_word' id='word_1_99' title='bbox 637 999 752 1032; x_wconf 86' lang='lat' dir='ltr'>sunt.”</span> <span class='ocrx_word' id='word_1_100' title='bbox 793 997 868 1032; x_wconf 90' lang='lat' dir='ltr'>Sub</span> <span class='ocrx_word' id='word_1_101' title='bbox 895 997 1043 1031; x_wconf 86' lang='lat' dir='ltr'>Nicolao</span> <span class='ocrx_word' id='word_1_102' title='bbox 1067 998 1095 1032; x_wconf 90' lang='grc' dir='ltr'>Ι.</span> <span class='ocrx_word' id='word_1_103' title='bbox 1124 997 1289 1042; x_wconf 87' lang='lat' dir='ltr'>pontifice</span> <span class='ocrx_word' id='word_1_104' title='bbox 1313 998 1415 1031; x_wconf 91' lang='lat' dir='ltr'>illum</span> <span class='ocrx_word' id='word_1_105' title='bbox 1443 999 1556 1042; x_wconf 88' lang='lat' dir='ltr'>ponit.</span> <span class='ocrx_word' id='word_1_106' title='bbox 1610 998 1774 1032; x_wconf 89' lang='lat' dir='ltr'>Plurium</span> 
     </span>
     <span class='ocr_line' id='line_1_13' title="bbox 381 1055 1777 1101; baseline 0 -11"><span class='ocrx_word' id='word_1_107' title='bbox 381 1062 473 1091; x_wconf 89' lang='lat' dir='ltr'>certe</span> <span class='ocrx_word' id='word_1_108' title='bbox 504 1056 690 1090; x_wconf 88' lang='lat' dir='ltr'>Scotorum</span> <span class='ocrx_word' id='word_1_109' title='bbox 717 1067 758 1089; x_wconf 91' lang='lat' dir='ltr'>eo</span> <span class='ocrx_word' id='word_1_110' title='bbox 783 1056 927 1089; x_wconf 84' lang='lat' dir='ltr'>nomine</span> <span class='ocrx_word' id='word_1_111' title='bbox 953 1056 1147 1101; x_wconf 86' lang='lat' dir='ltr'>insignium</span> <span class='ocrx_word' id='word_1_112' title='bbox 1177 1055 1371 1089; x_wconf 88' lang='lat' dir='ltr'>multitudo</span> <span class='ocrx_word' id='word_1_113' title='bbox 1397 1066 1564 1101; x_wconf 83' lang='lat' dir='ltr'>magnam</span> <span class='ocrx_word' id='word_1_114' title='bbox 1592 1057 1630 1090; x_wconf 90' lang='lat' dir='ltr'>in</span> <span class='ocrx_word' id='word_1_115' title='bbox 1662 1060 1777 1090; x_wconf 84' lang='lat' dir='ltr'>aetate</span> 
     </span>
     <span class='ocr_line' id='line_1_14' title="bbox 380 1112 1774 1160; baseline 0 -13"><span class='ocrx_word' id='word_1_116' title='bbox 380 1114 489 1160; x_wconf 88' lang='lat' dir='ltr'>hujus</span> <span class='ocrx_word' id='word_1_117' title='bbox 507 1114 781 1157; x_wconf 85' lang='lat' dir='ltr'>discrepantiam</span> <span class='ocrx_word' id='word_1_118' title='bbox 799 1113 1042 1152; x_wconf 81' lang='lat' dir='ltr'>induxerunt3</span> <span class='ocrx_word' id='word_1_119' title='bbox 1070 1113 1261 1146; x_wconf 83' lang='lat' dir='ltr'>videantur</span> <span class='ocrx_word' id='word_1_120' title='bbox 1287 1124 1395 1157; x_wconf 86' lang='lat' dir='ltr'>supra</span> <span class='ocrx_word' id='word_1_121' title='bbox 1413 1112 1437 1146; x_wconf 88' lang='lat' dir='ltr'><strong>J</strong></span> <span class='ocrx_word' id='word_1_122' title='bbox 1439 1124 1570 1147; x_wconf 85' lang='lat' dir='ltr'>oannes</span> <span class='ocrx_word' id='word_1_123' title='bbox 1588 1113 1774 1159; x_wconf 86' lang='lat' dir='ltr'>Airigena,</span> 
     </span>
     <span class='ocr_line' id='line_1_15' title="bbox 380 1170 1774 1211; baseline 0 -7"><span class='ocrx_word' id='word_1_124' title='bbox 380 1171 535 1206; x_wconf 87' lang='lat' dir='ltr'>Joannes</span> <span class='ocrx_word' id='word_1_125' title='bbox 561 1170 676 1211; x_wconf 89' lang='lat' dir='ltr'>Duns,</span> <span class='ocrx_word' id='word_1_126' title='bbox 706 1176 741 1204; x_wconf 90' lang='lat' dir='ltr'>et</span> <span class='ocrx_word' id='word_1_127' title='bbox 771 1170 865 1204; x_wconf 89' lang='lat' dir='ltr'>infra</span> <span class='ocrx_word' id='word_1_128' title='bbox 891 1170 1047 1204; x_wconf 80' lang='lat' dir='ltr'>Joannes</span> <span class='ocrx_word' id='word_1_129' title='bbox 1074 1170 1292 1210; x_wconf 88' lang='lat' dir='ltr'>Mailrosius,</span> <span class='ocrx_word' id='word_1_130' title='bbox 1320 1181 1403 1204; x_wconf 85' lang='lat' dir='ltr'>nam</span> <span class='ocrx_word' id='word_1_131' title='bbox 1435 1175 1470 1204; x_wconf 89' lang='lat' dir='ltr'>et</span> <span class='ocrx_word' id='word_1_132' title='bbox 1501 1171 1559 1205; x_wconf 92' lang='lat' dir='ltr'>hic</span> <span class='ocrx_word' id='word_1_133' title='bbox 1587 1176 1623 1205; x_wconf 91' lang='lat' dir='ltr'>et</span> <span class='ocrx_word' id='word_1_134' title='bbox 1652 1182 1774 1205; x_wconf 84' lang='lat' dir='ltr'>omnes</span> 
     </span>
     <span class='ocr_line' id='line_1_16' title="bbox 379 1227 1774 1273; baseline 0 -10"><span class='ocrx_word' id='word_1_135' title='bbox 379 1230 442 1269; x_wconf 91' lang='lat' dir='ltr'>illi,</span> <span class='ocrx_word' id='word_1_136' title='bbox 460 1230 532 1263; x_wconf 90' lang='lat' dir='ltr'>imo</span> <span class='ocrx_word' id='word_1_137' title='bbox 550 1234 585 1263; x_wconf 92' lang='lat' dir='ltr'>et</span> <span class='ocrx_word' id='word_1_138' title='bbox 603 1229 665 1273; x_wconf 91' lang='lat' dir='ltr'>qui</span> <span class='ocrx_word' id='word_1_139' title='bbox 692 1229 853 1273; x_wconf 89' lang='lat' dir='ltr'>proxime</span> <span class='ocrx_word' id='word_1_140' title='bbox 879 1228 1041 1272; x_wconf 87' lang='lat' dir='ltr'>sequitur</span> <span class='ocrx_word' id='word_1_141' title='bbox 1064 1227 1100 1262; x_wconf 86' lang='lat' dir='ltr'>S.</span> <span class='ocrx_word' id='word_1_142' title='bbox 1124 1227 1147 1260; x_wconf 90' lang='lat' dir='ltr'>J</span> <span class='ocrx_word' id='word_1_143' title='bbox 1151 1239 1293 1267; x_wconf 86' lang='lat' dir='ltr'>oannes,</span> <span class='ocrx_word' id='word_1_144' title='bbox 1321 1228 1416 1272; x_wconf 88' lang='lat' dir='ltr'>apud</span> <span class='ocrx_word' id='word_1_145' title='bbox 1442 1229 1631 1273; x_wconf 88' lang='lat' dir='ltr'>scriptores</span> <span class='ocrx_word' id='word_1_146' title='bbox 1658 1233 1774 1263; x_wconf 85' lang='lat' dir='ltr'>vetus-</span> 
     </span>
     <span class='ocr_line' id='line_1_17' title="bbox 378 1285 1773 1332; baseline -0.001 -11"><span class='ocrx_word' id='word_1_147' title='bbox 378 1292 433 1321; x_wconf 91' lang='lat' dir='ltr'>tos</span> <span class='ocrx_word' id='word_1_148' title='bbox 460 1286 703 1320; x_wconf 85' lang='lat' dir='ltr'>indifferenter</span> <span class='ocrx_word' id='word_1_149' title='bbox 728 1291 921 1320; x_wconf 89' lang='lat' dir='ltr'>sumuntur</span> <span class='ocrx_word' id='word_1_150' title='bbox 945 1297 1010 1330; x_wconf 90' lang='lat' dir='ltr'>pro</span> <span class='ocrx_word' id='word_1_151' title='bbox 1037 1285 1170 1325; x_wconf 91' lang='lat' dir='ltr'>eodem,</span> <span class='ocrx_word' id='word_1_152' title='bbox 1199 1296 1280 1319; x_wconf 90' lang='lat' dir='ltr'>cum</span> <span class='ocrx_word' id='word_1_153' title='bbox 1302 1289 1422 1319; x_wconf 86' lang='lat' dir='ltr'>tamen</span> <span class='ocrx_word' id='word_1_154' title='bbox 1452 1290 1487 1319; x_wconf 91' lang='lat' dir='ltr'>et</span> <span class='ocrx_word' id='word_1_155' title='bbox 1513 1287 1610 1320; x_wconf 88' lang='lat' dir='ltr'>vitae</span> <span class='ocrx_word' id='word_1_156' title='bbox 1634 1297 1773 1332; x_wconf 85' lang='lat' dir='ltr'>genere,</span> 
     </span>
     <span class='ocr_line' id='line_1_18' title="bbox 379 1343 1774 1388; baseline -0.001 -10"><span class='ocrx_word' id='word_1_157' title='bbox 379 1350 414 1379; x_wconf 90' lang='lat' dir='ltr'>et</span> <span class='ocrx_word' id='word_1_158' title='bbox 444 1344 596 1388; x_wconf 85' lang='lat' dir='ltr'>scriptis,</span> <span class='ocrx_word' id='word_1_159' title='bbox 628 1348 773 1388; x_wconf 89' lang='lat' dir='ltr'>totoque</span> <span class='ocrx_word' id='word_1_160' title='bbox 804 1344 898 1377; x_wconf 87' lang='lat' dir='ltr'>vitae</span> <span class='ocrx_word' id='word_1_161' title='bbox 929 1354 1047 1383; x_wconf 89' lang='lat' dir='ltr'>cursu,</span> <span class='ocrx_word' id='word_1_162' title='bbox 1080 1347 1187 1387; x_wconf 86' lang='lat' dir='ltr'>atque</span> <span class='ocrx_word' id='word_1_163' title='bbox 1221 1343 1308 1377; x_wconf 89' lang='lat' dir='ltr'>adeo</span> <span class='ocrx_word' id='word_1_164' title='bbox 1342 1343 1467 1376; x_wconf 86' lang='lat' dir='ltr'>multis</span> <span class='ocrx_word' id='word_1_165' title='bbox 1502 1344 1629 1378; x_wconf 90' lang='lat' dir='ltr'>seculis</span> <span class='ocrx_word' id='word_1_166' title='bbox 1660 1348 1774 1378; x_wconf 86' lang='lat' dir='ltr'>aetate</span> 
     </span>
     <span class='ocr_line' id='line_1_19' title="bbox 377 1398 1774 1447; baseline -0.001 -12"><span class='ocrx_word' id='word_1_167' title='bbox 377 1402 659 1447; x_wconf 88' lang='lat' dir='ltr'>distinguuntur.</span> <span class='ocrx_word' id='word_1_168' title='bbox 712 1401 828 1434; x_wconf 89' lang='lat' dir='ltr'>Miror</span> <span class='ocrx_word' id='word_1_169' title='bbox 852 1400 1134 1434; x_wconf 85' lang='lat' dir='ltr'>illustrissimum</span> <span class='ocrx_word' id='word_1_170' title='bbox 1153 1399 1352 1434; x_wconf 87' lang='lat' dir='ltr'>Robertum</span> <span class='ocrx_word' id='word_1_171' title='bbox 1371 1398 1633 1435; x_wconf 89' lang='lat' dir='ltr'>Bellarminum</span> <span class='ocrx_word' id='word_1_172' title='bbox 1651 1401 1711 1435; x_wconf 78' lang='lat' dir='ltr'>lib,</span> <span class='ocrx_word' id='word_1_173' title='bbox 1731 1401 1774 1434; x_wconf 86' lang='lat' dir='ltr'>de</span> 
     </span>
     <span class='ocr_line' id='line_1_20' title="bbox 378 1456 1773 1503; baseline 0 -10"><span class='ocrx_word' id='word_1_174' title='bbox 378 1459 584 1503; x_wconf 86' lang='lat' dir='ltr'>Scriptorib.</span> <span class='ocrx_word' id='word_1_175' title='bbox 617 1458 822 1493; x_wconf 87' lang='lat' dir='ltr'>Ecclesiast.</span> <span class='ocrx_word' id='word_1_176' title='bbox 856 1463 877 1477; x_wconf 88' lang='lat'>“</span> <span class='ocrx_word' id='word_1_177' title='bbox 906 1458 994 1491; x_wconf 91' lang='lat' dir='ltr'>duos</span> <span class='ocrx_word' id='word_1_178' title='bbox 1030 1462 1171 1491; x_wconf 88' lang='lat' dir='ltr'>tantum</span> <span class='ocrx_word' id='word_1_179' title='bbox 1202 1456 1360 1491; x_wconf 87' lang='lat' dir='ltr'>Joannes</span> <span class='ocrx_word' id='word_1_180' title='bbox 1393 1457 1516 1493; x_wconf 87' lang='lat' dir='ltr'>Scotos</span> <span class='ocrx_word' id='word_1_181' title='bbox 1551 1459 1674 1499; x_wconf 87' lang='lat' dir='ltr'>claros,</span> <span class='ocrx_word' id='word_1_182' title='bbox 1710 1470 1773 1493; x_wconf 87' lang='lat' dir='ltr'>nec</span> 
     </span>
     <span class='ocr_line' id='line_1_21' title="bbox 375 1514 1774 1561; baseline 0.001 -11"><span class='ocrx_word' id='word_1_183' title='bbox 375 1518 494 1561; x_wconf 91' lang='lat' dir='ltr'>plures</span> <span class='ocrx_word' id='word_1_184' title='bbox 513 1527 553 1550; x_wconf 92' lang='lat' dir='ltr'>eo</span> <span class='ocrx_word' id='word_1_185' title='bbox 571 1516 745 1556; x_wconf 86' lang='lat' dir='ltr'>nomine,”</span> <span class='ocrx_word' id='word_1_186' title='bbox 763 1516 963 1550; x_wconf 87' lang='lat' dir='ltr'>tradidisse.</span> <span class='ocrx_word' id='word_1_187' title='bbox 1016 1514 1067 1549; x_wconf 89' lang='lat' dir='ltr'>Et</span> <span class='ocrx_word' id='word_1_188' title='bbox 1086 1515 1201 1561; x_wconf 84' lang='lat' dir='ltr'>magis</span> <span class='ocrx_word' id='word_1_189' title='bbox 1225 1515 1338 1549; x_wconf 89' lang='lat' dir='ltr'>miror</span> <span class='ocrx_word' id='word_1_190' title='bbox 1363 1515 1591 1550; x_wconf 87' lang='lat' dir='ltr'>Bernardum</span> <span class='ocrx_word' id='word_1_191' title='bbox 1614 1517 1774 1551; x_wconf 87' lang='lat' dir='ltr'>Lutzen-</span> 
     </span>
     <span class='ocr_line' id='line_1_22' title="bbox 375 1571 1772 1620; baseline 0 -12"><span class='ocrx_word' id='word_1_192' title='bbox 375 1575 541 1620; x_wconf 89' lang='lat' dir='ltr'>burgum,</span> <span class='ocrx_word' id='word_1_193' title='bbox 568 1574 606 1607; x_wconf 89' lang='lat' dir='ltr'>in</span> <span class='ocrx_word' id='word_1_194' title='bbox 633 1573 804 1619; x_wconf 82' lang='lat' dir='ltr'>Catalogo</span> <span class='ocrx_word' id='word_1_195' title='bbox 832 1573 1115 1612; x_wconf 85' lang='lat' dir='ltr'>Haereticorum,</span> <span class='ocrx_word' id='word_1_196' title='bbox 1146 1572 1223 1618; x_wconf 88' lang='lat' dir='ltr'>ejus</span> <span class='ocrx_word' id='word_1_197' title='bbox 1249 1572 1380 1606; x_wconf 90' lang='lat' dir='ltr'>librum</span> <span class='ocrx_word' id='word_1_198' title='bbox 1407 1573 1450 1606; x_wconf 91' lang='lat' dir='ltr'>de</span> <span class='ocrx_word' id='word_1_199' title='bbox 1476 1571 1708 1608; x_wconf 85' lang='lat' dir='ltr'>Eucharistia</span> <span class='ocrx_word' id='word_1_200' title='bbox 1734 1575 1772 1608; x_wconf 91' lang='lat' dir='ltr'>in</span> 
     </span>
     <span class='ocr_line' id='line_1_23' title="bbox 376 1629 1774 1674; baseline 0 -9"><span class='ocrx_word' id='word_1_201' title='bbox 376 1632 523 1666; x_wconf 90' lang='lat' dir='ltr'>concilio</span> <span class='ocrx_word' id='word_1_202' title='bbox 541 1630 756 1665; x_wconf 89' lang='lat' dir='ltr'>Vercellensi</span> <span class='ocrx_word' id='word_1_203' title='bbox 775 1631 985 1664; x_wconf 86' lang='lat' dir='ltr'>damnatum</span> <span class='ocrx_word' id='word_1_204' title='bbox 1011 1629 1173 1669; x_wconf 88' lang='lat' dir='ltr'>scribere,</span> <span class='ocrx_word' id='word_1_205' title='bbox 1198 1630 1348 1674; x_wconf 84' lang='lat' dir='ltr'>ideoque</span> <span class='ocrx_word' id='word_1_206' title='bbox 1372 1634 1407 1664; x_wconf 90' lang='lat' dir='ltr'>et</span> <span class='ocrx_word' id='word_1_207' title='bbox 1430 1630 1549 1674; x_wconf 89' lang='lat' dir='ltr'>ipsum</span> <span class='ocrx_word' id='word_1_208' title='bbox 1574 1632 1668 1665; x_wconf 89' lang='lat' dir='ltr'>inter</span> <span class='ocrx_word' id='word_1_209' title='bbox 1691 1632 1774 1666; x_wconf 82' lang='lat' dir='ltr'>hae-</span> 
     </span>
     <span class='ocr_line' id='line_1_24' title="bbox 375 1687 1771 1734; baseline 0 -11"><span class='ocrx_word' id='word_1_210' title='bbox 375 1689 502 1723; x_wconf 87' lang='lat' dir='ltr'>reticos</span> <span class='ocrx_word' id='word_1_211' title='bbox 521 1689 713 1728; x_wconf 82' lang='lat' dir='ltr'>collocare3</span> <span class='ocrx_word' id='word_1_212' title='bbox 742 1688 873 1721; x_wconf 91' lang='lat' dir='ltr'>librum</span> <span class='ocrx_word' id='word_1_213' title='bbox 894 1692 987 1722; x_wconf 90' lang='lat' dir='ltr'>certe</span> <span class='ocrx_word' id='word_1_214' title='bbox 1011 1688 1088 1734; x_wconf 87' lang='lat' dir='ltr'>ejus</span> <span class='ocrx_word' id='word_1_215' title='bbox 1114 1687 1325 1721; x_wconf 84' lang='lat' dir='ltr'>damnatum</span> <span class='ocrx_word' id='word_1_216' title='bbox 1349 1688 1473 1722; x_wconf 89' lang='lat' dir='ltr'>scribit</span> <span class='ocrx_word' id='word_1_217' title='bbox 1492 1687 1527 1721; x_wconf 90' lang='lat' dir='ltr'>S.</span> <span class='ocrx_word' id='word_1_218' title='bbox 1546 1687 1771 1723; x_wconf 87' lang='lat' dir='ltr'>Lanfrancus</span> 
     </span>
     <span class='ocr_line' id='line_1_25' title="bbox 376 1744 1771 1791; baseline 0.001 -11"><span class='ocrx_word' id='word_1_219' title='bbox 376 1746 437 1780; x_wconf 87' lang='lat' dir='ltr'>lib.</span> <span class='ocrx_word' id='word_1_220' title='bbox 457 1747 500 1780; x_wconf 90' lang='lat' dir='ltr'>de</span> <span class='ocrx_word' id='word_1_221' title='bbox 519 1745 748 1779; x_wconf 85' lang='lat' dir='ltr'>Eucharistia</span> <span class='ocrx_word' id='word_1_222' title='bbox 767 1751 888 1779; x_wconf 86' lang='lat' dir='ltr'>contra</span> <span class='ocrx_word' id='word_1_223' title='bbox 907 1744 1166 1791; x_wconf 86' lang='lat' dir='ltr'>Berengarium</span> <span class='ocrx_word' id='word_1_224' title='bbox 1182 1755 1191 1785; x_wconf 84' lang='lat'><em>3</em></span> <span class='ocrx_word' id='word_1_225' title='bbox 1219 1745 1364 1785; x_wconf 89' lang='lat' dir='ltr'>mirum,</span> <span class='ocrx_word' id='word_1_226' title='bbox 1388 1745 1547 1790; x_wconf 91' lang='lat' dir='ltr'>inquam,</span> <span class='ocrx_word' id='word_1_227' title='bbox 1566 1757 1647 1780; x_wconf 89' lang='lat' dir='ltr'>cum</span> <span class='ocrx_word' id='word_1_228' title='bbox 1665 1758 1771 1781; x_wconf 83' lang='lat' dir='ltr'>causa</span> 
     </span>
     <span class='ocr_line' id='line_1_26' title="bbox 376 1802 1772 1849; baseline 0.001 -12"><span class='ocrx_word' id='word_1_229' title='bbox 376 1804 542 1849; x_wconf 88' lang='lat' dir='ltr'>martyrii</span> <span class='ocrx_word' id='word_1_230' title='bbox 573 1815 594 1836; x_wconf 86' lang='lat' dir='ltr'>a</span> <span class='ocrx_word' id='word_1_231' title='bbox 621 1803 836 1847; x_wconf 83' lang='lat' dir='ltr'>quibusdam</span> <span class='ocrx_word' id='word_1_232' title='bbox 866 1804 1068 1849; x_wconf 80' lang='lat' dir='ltr'>assignetur</span> <span class='ocrx_word' id='word_1_233' title='bbox 1097 1802 1260 1836; x_wconf 83' lang='lat' dir='ltr'>doctrina</span> <span class='ocrx_word' id='word_1_234' title='bbox 1285 1814 1371 1836; x_wconf 85' lang='lat' dir='ltr'>sana</span> <span class='ocrx_word' id='word_1_235' title='bbox 1397 1803 1439 1836; x_wconf 91' lang='lat' dir='ltr'>de</span> <span class='ocrx_word' id='word_1_236' title='bbox 1466 1808 1688 1838; x_wconf 84' lang='lat' dir='ltr'>sacrosancta</span> <span class='ocrx_word' id='word_1_237' title='bbox 1712 1816 1772 1839; x_wconf 89' lang='lat' dir='ltr'>eu—</span> 
     </span>
     <span class='ocr_line' id='line_1_27' title="bbox 376 1860 1771 1906; baseline 0.001 -11"><span class='ocrx_word' id='word_1_238' title='bbox 376 1861 555 1901; x_wconf 85' lang='lat' dir='ltr'>charistia,</span> <span class='ocrx_word' id='word_1_239' title='bbox 582 1861 710 1904; x_wconf 87' lang='lat' dir='ltr'>etipse</span> <span class='ocrx_word' id='word_1_240' title='bbox 729 1861 822 1894; x_wconf 86' lang='lat' dir='ltr'>inter</span> <span class='ocrx_word' id='word_1_241' title='bbox 841 1865 981 1894; x_wconf 85' lang='lat' dir='ltr'>sanctos</span> <span class='ocrx_word' id='word_1_242' title='bbox 999 1860 1187 1904; x_wconf 86' lang='lat' dir='ltr'>repositus,</span> <span class='ocrx_word' id='word_1_243' title='bbox 1214 1871 1322 1904; x_wconf 80' lang='lat' dir='ltr'>quam</span> <span class='ocrx_word' id='word_1_244' title='bbox 1348 1861 1555 1906; x_wconf 87' lang='lat' dir='ltr'>longissime</span> <span class='ocrx_word' id='word_1_245' title='bbox 1581 1862 1625 1896; x_wconf 87' lang='lat' dir='ltr'>ab</span> <span class='ocrx_word' id='word_1_246' title='bbox 1650 1861 1771 1896; x_wconf 87' lang='lat' dir='ltr'>haere-</span> 
     </span>
     <span class='ocr_line' id='line_1_28' title="bbox 377 1917 1471 1963; baseline -0.001 -10"><span class='ocrx_word' id='word_1_247' title='bbox 377 1930 454 1953; x_wconf 85' lang='lat' dir='ltr'>seos</span> <span class='ocrx_word' id='word_1_248' title='bbox 472 1919 636 1963; x_wconf 86' lang='lat' dir='ltr'>opinione</span> <span class='ocrx_word' id='word_1_249' title='bbox 655 1918 758 1951; x_wconf 89' lang='lat' dir='ltr'>absit.</span> <span class='ocrx_word' id='word_1_250' title='bbox 804 1917 908 1952; x_wconf 92' lang='lat' dir='ltr'>Hect.</span> <span class='ocrx_word' id='word_1_251' title='bbox 929 1917 1058 1952; x_wconf 89' lang='lat' dir='ltr'>Boeth.</span> <span class='ocrx_word' id='word_1_252' title='bbox 1077 1918 1152 1952; x_wconf 92' lang='lat' dir='ltr'>loco</span> <span class='ocrx_word' id='word_1_253' title='bbox 1170 1918 1327 1957; x_wconf 83' lang='lat' dir='ltr'>laudato,</span> <span class='ocrx_word' id='word_1_254' title='bbox 1346 1922 1381 1952; x_wconf 87' lang='lat' dir='ltr'>et</span> <span class='ocrx_word' id='word_1_255' title='bbox 1399 1918 1471 1952; x_wconf 87' lang='lat' dir='ltr'>alii.</span> 
     </span>
    </p>
   </div>
   <div class='ocr_carea' id='block_1_5' title="bbox 845 2031 1290 2068">
    <p class='ocr_par' dir='ltr' id='par_1_5' title="bbox 845 2031 1290 2068">
     <span class='ocr_line' id='line_1_29' title="bbox 845 2031 1290 2068; baseline -0.004 -1"><span class='ocrx_word' id='word_1_256' title='bbox 845 2033 881 2067; x_wconf 83' lang='lat' dir='ltr'>S.</span> <span class='ocrx_word' id='word_1_257' title='bbox 908 2031 1153 2067; x_wconf 87' lang='lat' dir='ltr'><strong>JOANNES.</strong></span> <span class='ocrx_word' id='word_1_258' title='bbox 1207 2033 1290 2068; x_wconf 87' lang='lat'>705.</span> 
     </span>
    </p>
   </div>
   <div class='ocr_carea' id='block_1_6' title="bbox 374 2147 1766 2481">
    <p class='ocr_par' dir='ltr' id='par_1_6' title="bbox 374 2147 1766 2481">
     <span class='ocr_line' id='line_1_30' title="bbox 375 2147 1766 2196; baseline 0.001 -14"><span class='ocrx_word' id='word_1_259' title='bbox 375 2148 410 2182; x_wconf 88' lang='lat' dir='ltr'>S.</span> <span class='ocrx_word' id='word_1_260' title='bbox 429 2148 621 2182; x_wconf 83' lang='lat' dir='ltr'><strong>JOANNES</strong></span> <span class='ocrx_word' id='word_1_261' title='bbox 639 2149 731 2187; x_wconf 86' lang='lat' dir='ltr'>alius</span> <span class='ocrx_word' id='word_1_262' title='bbox 756 2161 777 2183; x_wconf 89' lang='lat' dir='ltr'>a</span> <span class='ocrx_word' id='word_1_263' title='bbox 804 2148 992 2196; x_wconf 81' lang='lat' dir='ltr'>descripto,</span> <span class='ocrx_word' id='word_1_264' title='bbox 1020 2147 1160 2188; x_wconf 86' lang='lat' dir='ltr'>studiis,</span> <span class='ocrx_word' id='word_1_265' title='bbox 1186 2152 1314 2188; x_wconf 83' lang='lat' dir='ltr'>aetate,</span> <span class='ocrx_word' id='word_1_266' title='bbox 1338 2159 1379 2182; x_wconf 83' lang='lat' dir='ltr'>ac</span> <span class='ocrx_word' id='word_1_267' title='bbox 1404 2149 1500 2183; x_wconf 89' lang='lat' dir='ltr'>vitae</span> <span class='ocrx_word' id='word_1_268' title='bbox 1526 2148 1766 2193; x_wconf 89' lang='lat' dir='ltr'>professione;</span> 
     </span>
     <span class='ocr_line' id='line_1_31' title="bbox 374 2205 1766 2251; baseline 0.001 -12"><span class='ocrx_word' id='word_1_269' title='bbox 374 2206 444 2240; x_wconf 86' lang='lat' dir='ltr'>fuit</span> <span class='ocrx_word' id='word_1_270' title='bbox 478 2207 571 2240; x_wconf 89' lang='lat' dir='ltr'>enim</span> <span class='ocrx_word' id='word_1_271' title='bbox 603 2207 659 2240; x_wconf 92' lang='lat' dir='ltr'>hic</span> <span class='ocrx_word' id='word_1_272' title='bbox 689 2212 809 2241; x_wconf 91' lang='lat' dir='ltr'>noster</span> <span class='ocrx_word' id='word_1_273' title='bbox 843 2206 1049 2240; x_wconf 77' lang='lat' dir='ltr'>monachus·</span> <span class='ocrx_word' id='word_1_274' title='bbox 1067 2205 1134 2239; x_wconf 90' lang='lat' dir='ltr'>sub</span> <span class='ocrx_word' id='word_1_275' title='bbox 1167 2207 1292 2251; x_wconf 86' lang='lat' dir='ltr'>regula</span> <span class='ocrx_word' id='word_1_276' title='bbox 1329 2205 1375 2239; x_wconf 93' lang='lat' dir='ltr'>D.</span> <span class='ocrx_word' id='word_1_277' title='bbox 1408 2206 1605 2246; x_wconf 89' lang='lat' dir='ltr'>Benedicti,</span> <span class='ocrx_word' id='word_1_278' title='bbox 1641 2207 1766 2240; x_wconf 86' lang='lat' dir='ltr'>educa-</span> 
     </span>
     <span class='ocr_line' id='line_1_32' title="bbox 377 2262 1766 2310; baseline 0 -13"><span class='ocrx_word' id='word_1_279' title='bbox 377 2268 446 2303; x_wconf 88' lang='lat' dir='ltr'>tus,</span> <span class='ocrx_word' id='word_1_280' title='bbox 472 2271 514 2297; x_wconf 85' lang='lat' dir='ltr'>ut</span> <span class='ocrx_word' id='word_1_281' title='bbox 531 2263 656 2303; x_wconf 88' lang='lat' dir='ltr'>fertur,</span> <span class='ocrx_word' id='word_1_282' title='bbox 682 2265 716 2297; x_wconf 90' lang='lat' dir='ltr'>in</span> <span class='ocrx_word' id='word_1_283' title='bbox 742 2263 877 2310; x_wconf 83' lang='lat' dir='ltr'>Anglia</span> <span class='ocrx_word' id='word_1_284' title='bbox 900 2264 937 2297; x_wconf 93' lang='lat' dir='ltr'>in</span> <span class='ocrx_word' id='word_1_285' title='bbox 961 2264 1177 2298; x_wconf 85' lang='lat' dir='ltr'>monasterio</span> <span class='ocrx_word' id='word_1_286' title='bbox 1203 2262 1525 2303; x_wconf 83' lang='lat' dir='ltr'>Malmesburiensi,</span> <span class='ocrx_word' id='word_1_287' title='bbox 1551 2263 1655 2297; x_wconf 85' lang='lat' dir='ltr'>Joan.</span> <span class='ocrx_word' id='word_1_288' title='bbox 1684 2263 1766 2297; x_wconf 83' lang='lat' dir='ltr'>Tri-</span> 
     </span>
     <span class='ocr_line' id='line_1_33' title="bbox 376 2319 1764 2365; baseline 0 -11"><span class='ocrx_word' id='word_1_289' title='bbox 376 2320 531 2354; x_wconf 87' lang='lat' dir='ltr'>themius</span> <span class='ocrx_word' id='word_1_290' title='bbox 555 2321 615 2354; x_wconf 89' lang='lat' dir='ltr'>lib.</span> <span class='ocrx_word' id='word_1_291' title='bbox 637 2330 695 2354; x_wconf 90' lang='lat'>111.</span> <span class='ocrx_word' id='word_1_292' title='bbox 721 2322 763 2355; x_wconf 90' lang='lat' dir='ltr'>de</span> <span class='ocrx_word' id='word_1_293' title='bbox 786 2321 884 2355; x_wconf 84' lang='lat' dir='ltr'>Viris</span> <span class='ocrx_word' id='word_1_294' title='bbox 907 2321 1074 2355; x_wconf 88' lang='lat' dir='ltr'>illustrib.</span> <span class='ocrx_word' id='word_1_295' title='bbox 1095 2320 1241 2354; x_wconf 89' lang='lat' dir='ltr'>Ordinis</span> <span class='ocrx_word' id='word_1_296' title='bbox 1267 2319 1302 2353; x_wconf 89' lang='lat' dir='ltr'>S.</span> <span class='ocrx_word' id='word_1_297' title='bbox 1327 2320 1512 2355; x_wconf 89' lang='lat' dir='ltr'>Benedicti</span> <span class='ocrx_word' id='word_1_298' title='bbox 1536 2332 1611 2365; x_wconf 86' lang='lat' dir='ltr'>cap.</span> <span class='ocrx_word' id='word_1_299' title='bbox 1638 2329 1764 2354; x_wconf 83' lang='lat' dir='ltr'>CCXII.</span> 
     </span>
     <span class='ocr_line' id='line_1_34' title="bbox 375 2377 1764 2424; baseline 0.001 -13"><span class='ocrx_word' id='word_1_300' title='bbox 375 2389 415 2411; x_wconf 80' lang='lat' dir='ltr'>ac</span> <span class='ocrx_word' id='word_1_301' title='bbox 447 2382 570 2422; x_wconf 88' lang='lat' dir='ltr'>postea</span> <span class='ocrx_word' id='word_1_302' title='bbox 603 2379 786 2422; x_wconf 88' lang='lat' dir='ltr'>episcopus</span> <span class='ocrx_word' id='word_1_303' title='bbox 822 2378 1191 2424; x_wconf 87' lang='lat' dir='ltr'>Mykelenburgensis‚</span> <span class='ocrx_word' id='word_1_304' title='bbox 1233 2389 1295 2411; x_wconf 88' lang='lat' dir='ltr'>seu</span> <span class='ocrx_word' id='word_1_305' title='bbox 1335 2377 1662 2424; x_wconf 77' lang='lat' dir='ltr'>MelrelburgensiS,</span> <span class='ocrx_word' id='word_1_306' title='bbox 1702 2390 1764 2412; x_wconf 86' lang='lat' dir='ltr'>seu</span> 
     </span>
     <span class='ocr_line' id='line_1_35' title="bbox 375 2435 1761 2481; baseline 0.001 -13"><span class='ocrx_word' id='word_1_307' title='bbox 375 2435 674 2481; x_wconf 86' lang='lat' dir='ltr'>Magnopolensis,</span> <span class='ocrx_word' id='word_1_308' title='bbox 694 2446 756 2469; x_wconf 89' lang='lat' dir='ltr'>seu</span> <span class='ocrx_word' id='word_1_309' title='bbox 774 2435 1008 2470; x_wconf 87' lang='lat' dir='ltr'>Suerinensis.</span> <span class='ocrx_word' id='word_1_310' title='bbox 1041 2435 1211 2470; x_wconf 86' lang='lat' dir='ltr'>Democh.</span> <span class='ocrx_word' id='word_1_311' title='bbox 1228 2435 1288 2469; x_wconf 92' lang='lat' dir='ltr'>lib.</span> <span class='ocrx_word' id='word_1_312' title='bbox 1310 2444 1351 2469; x_wconf 89' lang='lat'>11.</span> <span class='ocrx_word' id='word_1_313' title='bbox 1367 2446 1443 2480; x_wconf 86' lang='lat' dir='ltr'>cap.</span> <span class='ocrx_word' id='word_1_314' title='bbox 1464 2444 1594 2469; x_wconf 81' lang='lat' dir='ltr'>xxxv.</span> <span class='ocrx_word' id='word_1_315' title='bbox 1629 2435 1761 2470; x_wconf 81' lang='lat' dir='ltr'>Matth.</span> 
     </span>
    </p>
   </div>
  </div>
 </body>
</html>
