2060 2848
672 267 847 301 GENTIS
872 267 1147 306 SCOTORUM,
1172 268 1259 300 LIB.
1283 268 1414 300 XVIII.
1672 267 1734 298 625

499 360 723 396 Paraenesim
740 362 785 396 ad
802 361 915 395 filium
933 361 1145 396 Fridebrant
1163 362 1223 396 lib.
1244 371 1269 395 1.
1297 362 1393 407 quod
1418 372 1506 406 opus
1524 366 1605 396 ante
1623 370 1732 396 cccc.

546 429 657 453 annos
671 418 867 452 Teutonice
880 429 1034 458 versum,
1052 419 1225 452 incertum
1244 419 1288 453 ab
1305 430 1347 452 eo
1363 429 1410 452 an
1427 418 1647 458 amanuensi,
1664 419 1735 452 edi-

546 475 601 509 dit
626 486 670 508 ex
697 475 909 509 bibliotheca
931 474 1195 509 Bartholomaei
1225 475 1431 521 Scobingeri
1461 474 1635 510 Melchior
1662 475 1735 509 Ha-

547 531 753 566 minfeldius
771 531 974 571 Goldastus‚
992 531 1200 565 distinctum
1218 532 1256 565 in
1280 532 1389 566 libros
1406 532 1506 572 duos,
1530 537 1571 566 ut
1589 534 1735 572 volunt;

547 588 609 623 lib.
629 598 654 622 1.
673 589 715 622 de
734 588 931 634 Religione,
949 599 990 622 ac
1013 588 1114 622 Fidei
1138 588 1380 628 Institutione,
1405 589 1464 623 lib.
1490 598 1533 623 11.
1560 590 1603 623 de
1628 589 1738 624 Mori-

545 645 623 686 bus,
649 650 685 680 et
711 645 812 679 Fidei
830 645 1131 679 Conformatione.
1182 645 1234 679 Et
1258 646 1343 690 quia
1368 645 1610 681 Wolfaramus
1635 658 1739 692 quae-

548 703 630 737 dam
660 703 781 736 laudat
809 713 900 746 quae
929 702 985 736 his
1011 713 1083 736 non
1110 707 1234 737 extant
1260 703 1486 744 carminibus,
1514 705 1738 748 suspicantur

550 759 619 793 viri
642 760 736 793 docti
763 770 835 793 non
860 763 975 793 totum
999 759 1057 793 hic
1082 764 1118 793 et
1142 760 1324 805 integrum
1349 771 1450 803 opus,
1475 761 1536 795 sed
1561 762 1738 806 epitomen

548 821 687 850 tantum
703 817 886 851 contineri.
923 815 1030 850 Fides
1044 827 1088 850 ex
1101 816 1280 861 prooemio
1293 816 1354 850 lib.
1370 826 1412 851 11.
1431 828 1475 851 ex
1492 822 1588 852 certa
1604 820 1738 864 conjec-

548 878 651 908 tura:
677 885 760 907 nam
785 873 835 907 sic
861 873 1023 913 habetur,
1051 873 1178 907 “liber
1202 873 1268 907 iste
1294 874 1419 917 pandit
1440 880 1626 919 praecepta
1648 887 1738 920 quae

550 930 663 976 Tyrol
693 942 756 965 rex
786 930 973 964 Scotorum
1002 930 1229 975 praescripsit
1256 929 1328 964 filio
1356 942 1420 965 suo
1450 931 1693 966 Fridebrando
1707 934 1738 973 ;''

551 989 646 1032 quod
665 988 709 1022 ab
727 987 806 1031 ipso
823 998 905 1033 rege
922 998 996 1021 esse
1022 987 1193 1031 scriptum
1223 998 1293 1021 non
1320 988 1446 1031 potuit,
1474 989 1534 1022 sed
1560 989 1604 1023 ab
1629 990 1739 1034 epito-

415 1082 427 1093 ,
550 1049 673 1079 maste.
957 1075 962 1081 .

402 1101 606 1147 Antiquum
623 1112 707 1136 sane
724 1101 801 1141 hoc,
820 1105 855 1135 et
873 1100 1158 1141 usitatissimum,
1176 1106 1217 1136 ut
1234 1101 1409 1146 principes
1427 1102 1554 1137 liberos
1572 1114 1653 1137 suos
1671 1104 1737 1148 ipsi

354 1160 398 1193 ad
425 1160 595 1194 virtutem
616 1159 812 1203 praeceptis
838 1158 979 1202 scriptis
1005 1159 1210 1192 erudirent:
1237 1159 1286 1192 sic
1313 1163 1334 1178 “
1352 1159 1489 1193 nullum
1507 1160 1670 1194 affectum
1690 1161 1740 1194 in-

357 1216 481 1257 veniri,
506 1217 569 1260 qui
595 1217 715 1250 vincat
740 1213 964 1260 paternum,''
989 1213 1215 1249 Justinianus
1241 1215 1338 1261 Aug.
1365 1217 1613 1259 pronunciavit
1638 1219 1660 1250 1.
1687 1219 1739 1251 ul-

355 1274 442 1307 tima
460 1273 499 1307 C.
519 1273 562 1307 de
580 1272 704 1307 Curat.
723 1272 810 1306 Fur.
862 1271 947 1305 Ideo
969 1271 1088 1305 nullus
1105 1275 1178 1305 tam
1196 1272 1343 1306 idoneus
1361 1272 1406 1305 ad
1429 1273 1501 1306 alta
1521 1284 1679 1318 quaeque
1704 1283 1739 1308 et

335 1331 497 1376 -egregia
512 1331 587 1364 dux
604 1334 668 1369 est,
694 1341 803 1374 quam
828 1339 956 1374 parens
981 1329 1067 1372 ipse.
1120 1327 1178 1362 Sic
1202 1328 1356 1363 filiorum
1383 1329 1588 1364 educatores
1613 1332 1738 1374 optimi

355 1393 389 1420 et
407 1387 547 1422 solliciti
565 1387 724 1432 plerique
750 1391 911 1421 veterum
937 1391 1021 1420 sunt
1046 1383 1085 1419 in
1109 1396 1150 1419 eo
1175 1397 1328 1431 genere.·
1365 1385 1551 1430 Seytheius
1578 1386 1739 1422 Thebani

354 1445 459 1490 regis,
479 1443 745 1490 Παςεντάλματα
762 1444 857 1488 apud
875 1443 1036 1488 Napsum
1061 1442 1274 1482 Philolaum‚
1296 1447 1332 1477 et
1349 1442 1575 1477 Constantini
1593 1445 1740 1488 impera-

354 1501 442 1535 toris
473 1500 860 1546 Constantinopolitani
887 1500 1100 1534 paraeneses
1125 1499 1170 1532 ad
1197 1498 1309 1533 filium
1334 1500 1376 1533 de
1401 1501 1555 1545 gerendo
1580 1501 1738 1545 imperio,

355 1562 389 1591 et
407 1558 586 1592 Manuelis
604 1557 785 1603 Paleologi
803 1561 989 1601 praecepta
1005 1556 1104 1601 regia
1125 1556 1171 1590 ad
1196 1555 1370 1590 Joannem
1397 1556 1506 1590 filium
1534 1562 1679 1599 extant;
1706 1564 1742 1593 et

357 1614 564 1659 Philippum
595 1614 708 1649 filium
736 1614 931 1658 praeceptis
956 1613 1103 1647 instruit
1129 1612 1164 1646 S.
1192 1612 1396 1647 Ludovicus
1422 1613 1640 1648 Francorum
1667 1627 1740 1655 rex,

355 1682 445 1715 quae
462 1671 647 1717 sigillatim
670 1675 827 1705 recenset
850 1669 1045 1704 Gaufridus
1066 1669 1108 1703 de
1126 1669 1238 1710 Bello,
1264 1671 1339 1703 loco
1364 1670 1459 1714 apud
1484 1670 1628 1705 Surium
1655 1677 1739 1707 tom.

360 1736 412 1761 w.
432 1728 488 1761 die
507 1736 606 1761 xxv,
624 1727 794 1773 Augusti.
848 1726 955 1760 Paria
979 1730 1064 1760 sunt
1081 1727 1126 1760 ad
1143 1727 1366 1760 commodum
1383 1725 1480 1772 Aug.
1499 1729 1611 1771 patris
1628 1728 1740 1764 Anto—

357 1785 432 1818 nini
450 1785 660 1818 documenta
678 1784 773 1828 apud
791 1783 1048 1822 Herodianum,
1066 1788 1102 1816 et
1120 1783 1157 1816 in
1174 1783 1273 1817 libris
1290 1783 1334 1816 de
1352 1783 1427 1816 vita
1443 1793 1528 1817 sua:
1546 1789 1599 1818 est
1616 1790 1652 1819 et
1663 1788 1740 1830 pul-

358 1841 532 1875 cherrima
558 1840 711 1875 Honorii
737 1840 916 1874 institutio
941 1850 1049 1883 quam
1073 1839 1104 1873 ei
1128 1840 1246 1873 datam
1273 1851 1294 1873 a
1317 1844 1417 1883 patre
1444 1839 1645 1876 Theodosio
1662 1843 1739 1888 jam

357 1898 532 1932 morituro
562 1897 779 1931 Claudianus
809 1891 1051 1930 disertissimis
1082 1896 1241 1930 versibus
1269 1897 1421 1937 induxit,
1448 1896 1579 1944 Paneg.
1611 1899 1654 1932 de
1684 1909 1739 1934 lv,

360 1955 497 1989 Honor.
516 1954 724 1988 Consulatu.

405 2012 509 2046 Vixit
526 2011 594 2051 hic,
613 2015 653 2045 ut
671 2014 878 2045 coaetaneus
897 2011 927 2044 ei
947 2014 1098 2045 testatur
1115 2009 1367 2051 Wolfaramus,
1394 2017 1550 2056 tempore
1568 2012 1739 2047 Friderici

360 2068 574 2108 Aenobarbi,
610 2067 676 2102 hoc
714 2072 779 2107 est,
816 2078 908 2101 anno
946 2076 1126 2101 MCanl.
1169 2079 1239 2112 qua
1282 2073 1488 2112 tempestate
1531 2068 1740 2104 Malcolmus

361 2125 423 2159 IV.
462 2124 576 2158 Scotis
615 2124 823 2169 imperabat,
864 2124 925 2168 qui
963 2124 1051 2157 liber
1086 2124 1176 2158 bello
1212 2125 1398 2170 peregrino
1436 2125 1576 2169 privata
1609 2127 1740 2161 civium

359 2192 504 2216 suorum
540 2182 621 2215 odia
657 2186 692 2215 et
727 2181 838 2215 sensit
872 2185 1084 2221 constanter,
1122 2185 1157 2214 et
1195 2180 1303 2226 fregit
1332 2180 1482 2221 fortiter,
1513 2183 1635 2217 multis
1665 2185 1740 2218 neci

360 2238 532 2278 adductis,
562 2238 652 2278 aliis,
684 2242 789 2282 atque
817 2238 887 2271 illis
915 2237 1057 2281 quidem
1085 2237 1354 2281 potentioribus,
1383 2239 1558 2284 relegatis,
1592 2240 1629 2274 in
1656 2252 1741 2285 quo-

361 2306 440 2330 rum
471 2294 632 2329 fortassis
663 2305 812 2329 numero
841 2299 877 2328 et
910 2294 968 2327 hic
1005 2298 1125 2328 noster
1153 2293 1270 2328 fuerat
1304 2294 1426 2339 Tyrol.
1491 2294 1559 2329 Sed
1593 2297 1742 2331 aliorum

360 2353 406 2386 sit
433 2351 517 2385 haec
543 2351 756 2399 disquisitio,
782 2362 852 2399 egon
873 2351 966 2385 enim
992 2361 1055 2385 nec
1085 2351 1123 2385 in
1152 2362 1190 2385 re
1219 2351 1327 2386 dubia
1356 2351 1441 2386 adeo
1467 2356 1502 2386 et
1527 2363 1668 2398 crepera
1692 2355 1741 2387 di-

1028 2410 1049 2441 2
1069 2416 1086 2441 S
