2060 2848
407 523 909 579 HISTORIAE
952 523 1489 579 ECCLESIAST
1506 524 1588 580 IC
1603 523 1714 579 ΑΕ

699 632 981 682 GENTIS
1020 632 1426 681 SCOTORUM

924 763 1109 803 LIBER
1140 764 1214 804 IX.

781 900 817 934 S.
846 899 1211 935 INNOCENTIUS.
1266 903 1348 937 703.

367 997 401 1029 S.
422 996 712 1029 INNerNTms
731 994 759 1028 Ι.
779 993 952 1039 pontifex,
973 993 1159 1028 Albanus:
1184 992 1412 1036 Anastasius,
1439 994 1595 1036 Platina,
1620 994 1770 1030 Sabelli-

365 1065 437 1093 cus,
456 1053 516 1087 alii
536 1064 657 1087 omnes
675 1063 786 1097 paene
805 1051 889 1085 Itali
907 1052 999 1085 hanc
1015 1052 1118 1085 nobis
1137 1052 1301 1087 invident
1326 1053 1502 1099 gloriam:
1531 1058 1569 1087 at
1592 1058 1769 1088 nostrates

365 1112 520 1151 annales,
547 1115 583 1144 et
600 1111 639 1144 in
657 1110 714 1144 his
732 1109 888 1144 Joannes
907 1109 1076 1143 Leslaeus
1094 1110 1155 1143 lib.
1177 1118 1229 1143 1V.
1257 1110 1396 1144 Histor.
1417 1110 1511 1145 Scot.
1530 1116 1566 1145 et
1584 1110 1768 1145 Gilbertus

364 1169 613 1203 Genebrardus
637 1166 763 1202 Gallus
785 1167 824 1201 in
849 1167 1100 1213 Chronologia,
1128 1167 1273 1202 Scotum
1300 1167 1460 1209 faciunt;
1486 1173 1580 1203 certe
1607 1169 1702 1203 enim
1728 1180 1769 1203 eo

364 1227 482 1261 seculo
499 1225 703 1266 Albionem,
724 1236 788 1259 seu
805 1223 1010 1264 Albaniam,
1035 1235 1166 1270 magna
1189 1236 1272 1269 pars
1297 1226 1514 1270 scriptorum
1533 1225 1689 1260 Scotiam
1708 1238 1768 1261 vo-

365 1284 476 1324 cabat,
495 1283 706 1328 praesertim
724 1282 953 1322 nostratium,
973 1293 1086 1326 usque
1111 1283 1209 1322 adeo,
1235 1287 1277 1317 ut
1300 1283 1338 1316 in
1361 1283 1506 1328 praeliis
1532 1284 1659 1330 gentili
1684 1295 1768 1320 voce

364 1342 613 1381 exclamarent,
632 1339 765 1374 Albani
780 1340 786 1374 !
813 1338 947 1373 Albani
962 1338 968 1372 !
1000 1339 1133 1385 Roger.
1151 1338 1370 1374 Hovedenus
1384 1339 1517 1374 Annal.
1533 1346 1627 1385 part.
1643 1351 1669 1375 1.
1684 1353 1765 1388 pag.

363 1407 579 1432 ceLxxvn.
643 1397 816 1431 Richard.
847 1396 956 1431 Vltus
986 1395 1130 1443 Anglus
1157 1397 1238 1431 libr.
1272 1406 1314 1436 11.
1344 1397 1483 1432 Histor.
1511 1397 1655 1444 Anglic.
1684 1411 1765 1446 pag.

364 1465 493 1489 CLXII.
518 1460 539 1475 “
557 1455 626 1489 Sed
644 1466 665 1489 a
683 1454 813 1495 Scotia‚
834 1453 901 1488 sub
919 1454 1063 1488 nomine
1080 1454 1247 1495 Albania,
1273 1454 1453 1490 Pontacus
1473 1460 1576 1490 vocat
1594 1455 1766 1491 Innocen-

362 1514 452 1547 tium
471 1513 639 1558 primum,
660 1512 870 1547 Pontificem
889 1511 1104 1552 Maximum,
1122 1511 1306 1547 Albanum
1331 1513 1407 1547 sive
1425 1513 1571 1547 Scotum
1585 1515 1616 1555 ;'’
1643 1520 1679 1550 et
1696 1514 1766 1549 Ar-

361 1572 489 1605 ualdus
507 1571 601 1604 idem
620 1571 679 1604 ille
698 1570 878 1604 Pontacus
897 1568 1175 1615 Burdegalensis
1193 1570 1273 1604 aliis
1291 1570 1491 1604 rationibus
1518 1570 1656 1606 scotiae
1683 1584 1763 1606 eum

362 1629 499 1663 asserit.
568 1627 665 1667 Quid
699 1626 911 1671 pontificatu
946 1627 1108 1672 gesserit,
1141 1627 1325 1673 sigillatim
1358 1627 1490 1661 Caesar
1520 1627 1701 1664 Baronius
1726 1630 1764 1663 in

362 1686 556 1720 immortali
575 1684 846 1719 Ecclesiasticae
866 1683 1048 1718 Historiae
1066 1695 1171 1729 opere
1191 1685 1371 1730 exquirit3
1398 1696 1505 1729 quem
1524 1697 1590 1732 ego
1607 1698 1681 1721 non
1705 1698 1764 1721 ex-

361 1743 487 1777 scribo.
539 1742 748 1782 Arcadium,
767 1747 802 1776 et
819 1752 969 1775 uxorem
987 1741 1194 1776 Eudoxiam
1212 1742 1545 1783 excommunicavit,
1569 1743 1761 1789 Nicephor.

361 1801 499 1835 Callist.
528 1801 589 1835 lib.
617 1809 709 1834 X111.
740 1799 879 1834 Histor.
909 1798 1116 1834 Ecclesiast.
1147 1810 1223 1844 cap.
1251 1809 1401 1834 XXXIV.
1428 1811 1506 1834 eam
1532 1801 1652 1841 etiam,
1678 1803 1763 1847 quia

362 1864 616 1899 contumacem,
637 1858 679 1892 de
697 1858 814 1904 gradu
830 1857 971 1902 imperii
989 1858 1062 1892 lata
1079 1858 1267 1898 sententia,
1293 1858 1364 1892 nisi
1382 1858 1427 1892 ab
1451 1858 1558 1893 exilio
1581 1870 1763 1895 revocare-

363 1922 422 1950 tur
439 1916 462 1949 J
464 1927 595 1950 oannes
614 1915 905 1960 Chrysostomus,
924 1915 1061 1961 dejecit,
1081 1919 1225 1949 auctore
1243 1914 1399 1962 Georgio
1424 1916 1629 1960 patriarcha
1653 1917 1763 1952 Alex-

363 1975 523 2013 andrino,
543 1972 746 2007 Godofredo
765 1972 933 2006 Tilmano
950 1973 1156 2017 interprete.

404 2037 424 2050 ‘⁶
434 2031 634 2076 Martyrem
646 2030 731 2064 facit
742 2030 1045 2076 Martyrologium
1058 2030 1263 2064 Romanum
1275 2031 1332 2065 die
1344 2040 1498 2067 XXVIII.
1509 2032 1534 2066 J
1535 2033 1631 2073 ulii,'’
1643 2033 1761 2078 inquit

365 2089 491 2123 Franc.
512 2088 755 2133 Maurolycus,
775 2092 796 2107 “
815 2088 860 2122 ob
878 2088 1147 2128 constantiam‚”
1165 2099 1317 2133 eumque
1339 2095 1482 2124 secutus
1507 2090 1664 2125 Joannes
1683 2091 1760 2125 Mo-

365 2149 466 2180 lanus
482 2147 519 2180 in
534 2146 791 2180 Additionibus
806 2146 851 2179 ad
865 2145 1095 2186 Usuardum3
1114 2150 1151 2180 at
1166 2146 1257 2180 nihil
1270 2147 1341 2181 tale
1359 2146 1563 2183 Romanum
1578 2148 1760 2192 Martyro-

363 2205 508 2250 logium,
528 2204 629 2249 cujus
647 2203 733 2237 haec
751 2208 836 2237 sunt
854 2213 862 2237 :
891 2208 913 2222 ‘⁶
931 2202 1068 2237 Romae
1084 2204 1204 2248 passio
1224 2203 1261 2238 S.
1280 2203 1450 2245 Victoris,
1476 2216 1588 2250 papae
1614 2210 1649 2239 et
1667 2216 1760 2239 mar-

362 2262 476 2306 tyris3
506 2262 591 2295 item
611 2260 748 2295 Romae
770 2260 806 2294 S.
827 2260 1039 2301 Innocentii,
1065 2272 1177 2305 papae
1204 2266 1240 2295 et
1266 2262 1510 2296 confessoris.’'
1555 2262 1677 2308 Hujus
1704 2275 1758 2297 ae-

362 2325 435 2353 tate
453 2323 599 2353 cruenta
616 2318 708 2352 bella
725 2319 763 2352 in
781 2318 930 2362 Europa
947 2323 1059 2364 gesta,
1085 2330 1168 2352 nam
1188 2319 1225 2352 in
1244 2319 1370 2353 Galliis
1388 2318 1521 2354 Valens
1539 2320 1756 2359 combustus,

364 2382 398 2410 et
416 2377 453 2410 in
470 2376 624 2420 Alpibus
642 2376 868 2421 Argobastus
887 2375 1146 2421 Eugeniusque
1164 2387 1184 2409 a
1200 2375 1406 2410 Theodosio
1422 2376 1586 2422 Hispano
1599 2379 1756 2422 superati

364 2434 559 2478 necatique,
577 2437 613 2468 et
632 2432 805 2467 Ravenna
822 2432 923 2468 foede
949 2433 1116 2477 expilata,
1144 2433 1200 2467 cui
1223 2433 1360 2468 excidio
1384 2434 1559 2469 divinitus
1585 2434 1754 2469 Innocen-
