2118 2854
730 286 962 319 HISTORIA
987 285 1373 321 ECCLESIASTICA.
1683 292 1746 323 :335

495 380 556 415 Ad
573 379 751 415 Ecclesias
770 379 926 415 Picticas
1238 382 1300 417 lib.
1321 391 1347 416 1.

395 438 497 473 Vixit
514 449 608 472 anno
626 446 690 473 Dc.
738 437 907 473 Leslaeus
925 438 1057 473 ibidem
1074 449 1157 486 pag.
1175 448 1292 474 eL111.
1311 440 1350 474 in
1367 438 1512 475 Aidano
1529 451 1623 489 rege.

813 552 849 588 S.
878 552 1135 589 HELANUS.
1188 553 1273 593 629.

341 668 377 704 S.
409 668 615 703 HELANUS
645 679 690 703 ex
715 667 845 709 Scotia,
876 673 968 704 teste
995 668 1192 716 Sigeberto,
1222 679 1305 703 cum
1334 668 1447 705 fratre
1474 681 1539 705 suo
1569 681 1739 717 germano

340 726 376 761 S.
404 725 577 761 Gibriano
601 725 794 771 profectus,
820 726 913 761 mira
942 727 1132 762 sanctitate
1158 726 1393 772 Campaniam
1420 726 1557 763 Galliae
1582 728 1739 762 illustra-

341 785 404 819 vit.
457 783 625 819 Molanus
643 785 689 820 ad
706 783 914 818 Usuardum
932 785 989 819 die
1007 793 1062 818 VI.
1081 784 1270 819 Octobris:
1297 789 1319 804 “
1337 784 1382 819 In
1399 785 1489 827 vico,
1508 786 1571 832 qui
1588 791 1738 820 vocatur

340 842 528 882 Buxiolus,
550 842 724 887 depositio
745 840 781 875 S.
802 840 947 882 Helani,
974 841 1174 887 presbyteri
1200 848 1236 877 et
1261 842 1506 878 confessoris.”
1556 842 1650 878 Acta
1667 842 1737 879 Ec-

338 900 463 934 clesiae
480 899 693 935 Rhemensis
711 899 807 945 apud
825 898 1048 934 Galesinium
1072 899 1195 934 eodem
1218 900 1289 935 die.
1339 899 1402 936 An
1428 901 1564 947 aliquid
1589 902 1737 947 scripse-

337 958 396 998 rit,
414 969 486 992 non
504 958 670 1002 comperi.

385 1014 541 1050 Vivebat
557 1025 651 1050 anno
668 1023 756 1049 mx.
774 1025 846 1060 quo
864 1013 985 1049 Scotia
1002 1024 1180 1061 egressus.

763 1128 800 1164 S.
827 1128 1158 1164 HARRUCHUS.
1212 1127 1298 1164 630.

336 1246 372 1281 S.
404 1246 676 1286 HARRUCHUS,
705 1244 942 1280 sanctissimis
972 1245 1132 1280 moribus
1163 1244 1420 1281 Benedictinae
1449 1246 1618 1289 familiae,
1650 1247 1735 1283 Pat-

335 1305 423 1345 toni,
455 1304 628 1346 Tanconi,
660 1308 697 1339 et
727 1303 881 1338 Cottilae
910 1302 1098 1337 familiaris
1131 1313 1173 1337 ac
1211 1313 1402 1344 successor,
1433 1304 1543 1340 abbas
1575 1305 1734 1350 primum

336 1362 658 1402 Amarbaricensis,
682 1372 768 1396 mox
792 1361 978 1406 episcopus
1003 1360 1209 1396 Verdensis.
1260 1359 1384 1396 Alber.
1412 1361 1604 1398 Crantzius
1625 1363 1686 1398 lib.
1707 1372 1733 1397 1.

335 1419 526 1464 Metropol.
554 1430 630 1464 cap.
653 1427 743 1453 XXI.
768 1417 919 1462 Gaspar.
944 1417 1143 1453 Bruschius
1166 1417 1206 1452 in
1229 1417 1413 1465 Catalogo‚
1440 1424 1475 1454 et
1501 1420 1574 1455 alii.
1626 1420 1731 1455 Joan.

334 1476 541 1512 Gualterius
555 1485 592 1510 v.
608 1485 670 1511 CL.
691 1481 779 1510 tom.
800 1484 825 1509 1.
841 1475 1010 1510 Chronici
1022 1475 1282 1510 Chronicorum
1295 1486 1378 1522 pag.
1395 1485 1558 1512 Mxxcv.
1577 1481 1599 1498 “
1612 1477 1732 1519 Patto,

334 1534 467 1574 Tanc0,
486 1533 635 1575 Cortila,
664 1532 890 1573 Harruchus,
916 1532 1030 1567 sancti
1056 1531 1164 1572 Senti,
1191 1536 1227 1567 et
1252 1532 1319 1567 sub
1346 1531 1538 1568 Han-ucho
1563 1533 1672 1569 Patto
1698 1540 1733 1570 et

333 1592 456 1627 Tanco
491 1591 529 1626 in
564 1591 731 1626 divorum
765 1601 957 1625 numerum
990 1588 1129 1625 relati.”
1180 1588 1321 1635 Scripta
1359 1590 1480 1625 omnia
1517 1591 1732 1626 interierunt

332 1654 473 1695 praeter

480 1706 731 1742 Institutiones
749 1705 1097 1740 Catechumenorum
1296 1704 1359 1739 lib.
1380 1713 1407 1739 1.
1426 1716 1518 1751 quae
1535 1716 1651 1751 nuper
1668 1707 1732 1741 ali-

529 1764 611 1799 cubi
629 1764 668 1798 in
685 1762 814 1803 Gallia,
832 1767 875 1797 ut
892 1762 1010 1804 audio,
1029 1762 1252 1808 prodierunt,
1270 1762 1316 1797 ad
1333 1773 1390 1798 me
1411 1768 1533 1798 tamen
1556 1774 1629 1798 non
1651 1775 1731 1810 per-

528 1826 717 1857 venerunt.

378 1880 522 1915 Floruit
534 1891 627 1914 anno
642 1886 869 1913 Dcecxxx1.
885 1882 1090 1912 sanctorum
1101 1877 1181 1913 albo
1195 1877 1382 1923 ascriptus.
1435 1877 1588 1913 Arnold.
1607 1877 1728 1914 Uvion

329 1939 391 1973 lib.
411 1947 454 1972 11.
474 1937 556 1984 Lig.
575 1936 682 1972 Vitae
700 1947 782 1982 pag.
799 1944 864 1970 Lv.
905 1935 999 1970 Vide
1012 1934 1224 1970 Crantzium
1237 1935 1315 1969 fuse
1330 1935 1573 1975 disserentem,
1588 1940 1623 1970 et
1637 1935 1726 1970 Ant.

330 1995 587 2029 Democharem
604 1999 691 2028 tom.
710 2002 752 2027 11.
772 1992 898 2028 Sacrif.
918 1992 1021 2028 Miss.
1036 2003 1112 2038 cap.
1130 2001 1262 2027 xxxv,
1315 1991 1456 2027 Colitur
1469 1993 1526 2027 die
1540 2001 1610 2027 XV.
1624 1992 1648 2026 J
1650 1994 1726 2027 ulii.

330 2053 440 2088 Mart.
459 2051 570 2098 Angl-

656 2166 692 2201 S.
722 2164 914 2200 HELIAS
939 2163 1256 2200 SOLITARIUS.
1310 2162 1392 2199 631.

328 2283 365 2318 S.
385 2282 558 2323 HELIAS,
578 2294 599 2317 a
625 2282 721 2317 vitae
747 2280 957 2325 austeritate
983 2279 1171 2314 Solitarius
1198 2283 1357 2320 vocatus,
1384 2283 1406 2299 “
1425 2280 1482 2314 vir
1507 2281 1663 2326 prudens
1690 2286 1726 2315 et

328 2341 527 2387 religiosus,
545 2346 651 2387 gente
669 2339 828 2379 Scotus,’'
850 2339 902 2372 ait
919 2337 1118 2372 Marianus.
1170 2336 1257 2372 Fuit
1275 2336 1383 2372 abbas
1408 2337 1594 2372 Scotorum
1622 2338 1726 2373 Colo-

328 2399 418 2439 niae,
436 2403 478 2432 ut
496 2398 565 2433 viri
584 2398 678 2433 docti
696 2396 850 2442 probant
868 2407 912 2430 ex
931 2394 1133 2430 Trithemio
1157 2394 1219 2430 lib.
1241 2404 1301 2430 111.
1330 2394 1373 2429 de
1396 2394 1496 2430 Viris
1518 2395 1627 2431 illust.
1657 2395 1724 2430 Or-
