2060 2848
410 314 473 348 690
792 315 1024 348 HISTORIA
1046 316 1430 351 ECCLESIASTICA.

464 409 651 444 Caeterum
671 408 740 444 fuit
757 409 991 455 Dempsterus
1010 411 1066 445 vir
1083 423 1228 456 corpore
1246 417 1281 447 et
1298 414 1417 447 animo
1435 412 1621 459 egregius;
1650 414 1803 448 altitudo

413 467 465 499 illi
492 477 600 511 supra
625 467 836 501 mediocrem
863 468 1022 513 vulgaris
1048 469 1201 504 hominis
1228 471 1533 516 magnitudinem;
1558 481 1658 504 coma
1684 471 1804 505 subni-

413 524 522 569 grior,
542 528 578 557 et
595 524 668 558 cuti
686 525 782 559 color
798 536 870 559 non
887 526 991 571 longe
1010 526 1154 570 dispar3
1173 533 1280 572 caput
1296 538 1479 573 magnum,
1498 539 1538 562 ac
1556 529 1665 562 totius
1683 539 1803 572 corpo-

412 581 462 615 ris
480 581 624 615 habitus
650 582 753 625 plane
776 582 919 627 regius3
946 583 1055 616 robur
1072 587 1107 616 et
1124 583 1300 624 ferocitas,
1318 585 1448 629 quibus
1467 586 1523 619 vel
1541 585 1804 630 praestantissi—

410 648 509 672 mum
527 638 677 672 militem
698 643 876 683 praestare
893 644 1023 683 posset,
1041 651 1149 683 reque
1173 641 1250 684 ipsa
1274 641 1414 684 saepius
1437 652 1474 674 se
1497 642 1603 675 talem
1629 641 1801 675 exhibuit.

412 695 615 730 Indefessus
632 696 671 729 in
687 696 847 741 legendo,
865 696 917 729 ita
933 701 974 729 ut
992 697 1259 740 quatuordecim
1277 697 1347 729 diei
1365 697 1470 731 horas
1495 698 1667 731 librorum
1685 699 1803 733 lectio-

409 764 491 787 nem
510 764 547 786 se
564 752 772 787 continuare
790 753 946 792 solitum,
965 753 1053 786 mihi
1071 764 1174 797 saepe
1192 754 1365 788 retulerit.
1417 754 1552 788 Mentis
1570 755 1732 788 acumine
1750 766 1804 789 sa-

408 811 455 844 tis
478 810 603 850 valuit,
626 809 688 843 sed
709 810 900 843 memoriae
922 810 1111 843 tenacitate
1135 812 1239 857 longe
1262 811 1469 855 plurimum,
1496 812 1583 845 adeo
1611 815 1652 845 ut
1675 813 1802 846 multo-

408 868 476 902 ties
497 868 629 901 diceret
649 867 814 913 ignorare
840 878 888 906 se,
915 867 1001 911 quid
1019 867 1066 901 sit
1085 868 1228 902 oblivio.
1281 867 1383 901 Nihil
1402 869 1488 903 adeo
1506 869 1667 903 abditum
1686 870 1723 902 in
1742 881 1802 903 an-

408 925 587 970 tiquitatis
604 925 856 964 monumentis,
881 925 983 970 cujus
1001 935 1071 958 non
1094 925 1321 966 meminerit3
1350 937 1422 959 non
1447 937 1570 960 versus
1593 931 1717 970 poetae
1741 927 1802 960 ali-

409 985 523 1030 cujus,
546 994 618 1017 non
640 993 783 1016 sensum
809 982 955 1016 alterius
979 983 1174 1026 scriptoris,
1199 994 1261 1017 seu
1287 982 1411 1017 Graeci
1438 994 1502 1017 seu
1525 983 1648 1017 Latini
1677 983 1801 1028 (aeque

408 1042 503 1076 enim
520 1045 715 1085 utrumque
732 1041 851 1085 norat)
875 1051 980 1084 quem
1009 1040 1131 1074 statim
1154 1051 1233 1074 cum
1258 1041 1366 1086 longa
1384 1041 1574 1075 verborum
1592 1042 1799 1085 praeceden-

406 1099 498 1134 tium
517 1110 557 1132 ac
573 1102 784 1143 sequentum
803 1097 893 1131 serie
911 1097 1086 1131 verbatim
1104 1097 1235 1131 referre
1248 1109 1320 1132 non
1334 1102 1473 1141 posset:
1499 1099 1551 1132 ita
1566 1103 1605 1132 ut
1619 1099 1797 1133 illustriss.

407 1162 549 1190 senator
579 1155 789 1188 Franciscus
817 1154 979 1198 Cospius,
1007 1154 1063 1187 vir
1088 1166 1151 1199 per
1177 1166 1298 1189 omnes
1328 1156 1512 1189 literarum
1545 1156 1669 1190 titulos
1701 1157 1798 1190 omni

405 1213 666 1258 comparatione
695 1213 820 1258 major,
850 1211 1102 1255 Dempsterum
1128 1223 1295 1257 magnam
1320 1212 1569 1247 bibliothecam
1595 1214 1798 1257 loquentem

405 1271 614 1315 compellare
631 1269 864 1303 consueverit.
916 1267 1220 1303 Declamationem
1246 1270 1343 1303 omni
1368 1269 1544 1304 rhetorico
1566 1281 1715 1304 numero
1739 1270 1799 1304 ab·

404 1328 658 1363 solutissimam
677 1338 717 1360 ea
735 1327 915 1361 celeritate
931 1326 1098 1366 dictabat,
1117 1331 1157 1360 ut
1181 1327 1388 1371 scriptorem
1408 1332 1723 1372 quantumcunque
1742 1339 1798 1361 ve-

402 1387 512 1420 locem
532 1385 622 1418 nihil
640 1388 851 1424 moraretur,
865 1389 912 1424 et,
930 1384 1025 1429 quod
1043 1389 1152 1428 caput
1169 1388 1233 1424 est,
1252 1384 1385 1429 absque
1403 1385 1513 1418 litura
1530 1386 1586 1418 vel
1604 1385 1796 1419 leviuscula

402 1444 499 1477 mille
529 1453 652 1476 versus
683 1446 719 1475 et
748 1442 913 1486 amplius,
943 1453 1015 1486 qua
1045 1440 1197 1475 Graecos
1228 1452 1299 1486 qua
1329 1441 1490 1482 Latinos,
1522 1453 1614 1486 quae
1648 1443 1796 1476 vocabat

403 1497 717 1546 αὐτοσχεδιάσματα,
735 1499 773 1532 in
785 1499 912 1544 quovis
925 1503 1136 1545 argumento
1154 1510 1197 1532 ex
1212 1503 1371 1543 tempore
1382 1499 1564 1544 proposito
1578 1499 1795 1543 scripturum

403 1558 605 1603 recipiebat,
624 1562 659 1591 et
677 1558 738 1596 ita,
757 1557 785 1590 si
805 1556 984 1596 dictasset,
1002 1561 1043 1590 ut
1061 1557 1248 1596 calamum,
1268 1557 1324 1589 vel
1341 1556 1520 1590 levissime
1538 1561 1793 1596 excurrentem,

401 1617 561 1650 evincere
591 1615 802 1659 sponderet3
835 1615 941 1654 unde,
968 1615 1022 1648 uti
1046 1614 1089 1647 de
1115 1625 1246 1659 magno
1272 1614 1332 1647 illo
1359 1613 1564 1657 Stephonio,
1589 1613 1793 1658 Dempsteri

399 1678 635 1718 praeceptore,
662 1672 788 1705 cecinit
813 1676 918 1715 poeta
943 1683 1015 1705 non
1041 1672 1216 1716 illepidus,
1251 1676 1272 1690 “
1298 1682 1439 1704 carmen
1470 1671 1683 1705 inexhausto
1714 1671 1793 1704 fun-

399 1731 539 1765 dentem
568 1729 723 1763 carmine
753 1728 894 1762 vatem”
922 1729 1081 1763 dixisses.
1133 1728 1255 1773 Stylus
1281 1728 1424 1772 quidem
1450 1728 1482 1761 ei
1509 1728 1682 1772 copiosus,
1710 1739 1793 1763 con-

397 1788 562 1834 fragosus
590 1791 732 1820 tamen:
762 1786 921 1820 moribus
949 1786 1050 1819 ferox
1075 1785 1156 1825 fuit,
1183 1790 1326 1829 apertus
1353 1785 1509 1825 omnino,
1538 1789 1573 1819 et
1599 1786 1790 1819 simulandi

395 1846 546 1884 nescius,
565 1844 640 1878 sive
658 1844 753 1877 enim
771 1855 901 1883 amore,
920 1844 994 1877 sive
1013 1843 1093 1877 odio
1111 1843 1264 1887 aliquem
1289 1846 1573 1886 prosequeretur,
1597 1847 1790 1887 utrumque

396 1904 536 1948 palam3
573 1901 827 1935 consuetudine
857 1901 1151 1946 jucundissimus,
1190 1900 1312 1934 amicis
1350 1898 1700 1944 obsequentissimus,
1740 1901 1791 1934 ita

396 1960 550 1994 inimicis
579 1959 734 1992 maxime
768 1958 938 1998 infensus,
970 1962 1201 2002 acceptaeque
1231 1957 1385 2003 injuriae
1415 1961 1533 1996 tenaX,
1564 1968 1641 1990 eam
1668 1964 1789 2002 aperte

397 2028 590 2063 agnoscens
608 2028 648 2050 ac
666 2021 840 2060 repetens,
858 2016 1083 2060 caeteroquin
1101 2015 1193 2059 pius,
1218 2015 1417 2060 religiosus,
1444 2018 1480 2048 et
1503 2015 1541 2047 in
1564 2015 1607 2048 iis
1631 2015 1727 2053 locis,
1752 2015 1789 2049 in

394 2075 524 2120 quibus
542 2074 633 2107 mira
651 2074 793 2118 pietatis
813 2072 1037 2107 Christianae
1055 2072 1223 2106 visuntur
1240 2072 1412 2115 exempla,
1431 2082 1502 2105 non
1521 2071 1737 2115 infrequens.

444 2132 543 2166 Haec
561 2142 626 2176 ego
645 2130 851 2165 Matthaeus
874 2130 1102 2176 Peregrinus,
1126 2141 1190 2163 nec
1214 2128 1380 2164 beneficio
1407 2140 1470 2163 nec
1491 2129 1625 2174 injuria
1646 2130 1684 2162 in
1707 2141 1786 2163 eum

396 2189 553 2227 affectus,
573 2188 728 2222 breviter
747 2188 851 2222 retuli
866 2197 874 2221 ε
901 2188 1014 2221 sciant
1031 2187 1163 2231 posteri
1178 2187 1312 2221 isthaec
1326 2197 1382 2220 me
1399 2187 1588 2231 loquutum
1607 2186 1701 2220 inter
1718 2198 1786 2227 eos,

393 2258 463 2281 non
482 2246 543 2291 qui
562 2245 776 2285 audiverint,
796 2246 857 2279 sed
875 2245 937 2289 qui
956 2244 1122 2284 viderint,
1142 2244 1377 2279 attrectarint.

1030 2367 1151 2393 FINIS.
