2060 2848
369 282 432 315 662
755 281 988 315 HISTORIA
1012 280 1387 315 ECCLESIASTICA

522 378 578 412 De
597 377 740 412 Natura
757 377 913 412 Animae
1296 377 1357 412 lib.
1379 385 1404 412 Ι.

522 435 578 470 De
597 435 830 471 Institutione
849 435 1181 470 sanctimonialium
1296 435 1358 469 lib.
1378 443 1403 469 1.

521 494 576 528 De
594 494 764 528 Lectione
783 493 1003 540 Evangelica
1296 493 1357 528 lib.
1378 502 1403 527 Ι.

522 551 577 586 De
595 551 843 586 Praelatorum
863 551 1026 586 Moribus
1297 551 1358 585 lib.
1379 559 1404 585 1.
1424 549 1586 590 Quorum
1606 551 1776 585 nonnulla

573 609 758 644 ascribunt
775 608 811 643 S.
830 608 998 650 Ealredo,
1016 608 1235 643 Rievallensi
1254 609 1387 648 abbati,
1405 607 1522 642 Scoto.

422 667 564 701 Floruit
581 677 675 701 anno
695 675 828 700 MCXL.

769 779 831 813 Β.
858 752 1191 815 WILHELMUS.
1246 782 1353 815 1181.

373 898 416 931 B.
436 896 718 936 WILHELMUS,
737 895 923 941 episcopus
950 895 1188 937 Glascuensis,
1214 896 1348 942 insigni
1375 895 1588 931 liberalitate
1614 896 1773 942 ejusdem

373 955 529 990 civitatis
559 954 771 999 primarium
803 964 845 988 ac
874 954 1191 998 metropolitanum
1216 955 1391 999 templum
1416 954 1541 995 erexit,
1565 959 1775 998 sumptuosa

373 1013 517 1054 fabrica,
549 1024 621 1058 qua
651 1012 713 1046 vix
743 1011 817 1045 ulla
847 1012 885 1046 in
916 1010 1066 1056 Europa
1095 1011 1393 1058 magnificentior,
1424 1012 1562 1046 curiose
1591 1016 1773 1046 exornata.

372 1070 523 1116 Scripsit

520 1128 575 1163 De
610 1127 862 1163 Translatione
897 1127 1145 1173 Reliquiarum
1185 1126 1231 1161 D.
1268 1126 1495 1173 Margaretae
1529 1126 1702 1173 Reginae,
1737 1133 1773 1163 et

570 1186 753 1221 Malcolmi
784 1186 861 1232 ejus
891 1185 1025 1226 mariti,
1056 1185 1117 1219 lib.
1150 1194 1176 1218 1.
1228 1184 1361 1231 Ingens
1395 1183 1672 1219 Dumfermelini
1707 1186 1774 1219 mi-

571 1244 732 1279 raculum
763 1244 803 1277 in
836 1254 877 1277 ea
906 1242 1058 1284 accidit3
1094 1253 1177 1278 nam
1208 1253 1289 1277 cum
1320 1253 1362 1276 ea
1389 1241 1638 1283 transferetur,
1671 1253 1776 1287 capsa

569 1302 709 1336 tumulo
737 1301 832 1348 regis
861 1312 899 1336 se
930 1301 1114 1346 applicuit,
1140 1311 1204 1335 nec
1229 1300 1324 1341 inde,
1350 1300 1421 1335 nisi
1447 1311 1488 1335 eo
1514 1301 1643 1340 levato,
1669 1301 1773 1335 avelli

569 1360 712 1405 potuit3
752 1364 831 1394 tum
869 1359 971 1406 regni
1010 1359 1164 1400 ordines,
1204 1363 1240 1393 et
1273 1358 1430 1392 maxime
1463 1359 1655 1403 praesules,
1697 1358 1774 1404 ejus

569 1418 677 1452 etiam
717 1417 813 1464 regis
854 1428 934 1452 ossa
973 1417 1125 1451 levanda
1162 1420 1388 1457 censuerunt,
1436 1416 1652 1461 duravitque
1696 1416 1774 1461 ejus

570 1476 753 1510 veneratio
791 1475 965 1521 quamdiu
1007 1474 1133 1521 religio
1176 1474 1214 1509 in
1258 1485 1299 1508 eo
1341 1484 1453 1520 regno
1495 1473 1680 1508 Catholica
1722 1475 1774 1507 vi-

570 1533 662 1579 guit.

422 1590 589 1625 Florebat
607 1602 701 1625 anno
720 1599 894 1626 MCCLIX.
948 1589 1084 1625 Hector
1107 1589 1282 1625 Boethius
1304 1589 1366 1625 lib.
1392 1598 1486 1624 XIII.
1512 1589 1652 1624 Histor.
1678 1588 1772 1623 Scot.

373 1660 454 1695 pag.
475 1657 700 1683 conxxxvr

729 1762 1050 1798 WILHELMUS
1076 1763 1255 1799 ABBAS.
1310 1765 1418 1798 1182.

374 1879 654 1920 XVILHELMUS,
682 1879 793 1913 Ovini
819 1878 924 1919 filius,
947 1879 1148 1913 adolescens
1172 1878 1208 1913 S.
1232 1878 1432 1925 Augustini
1459 1878 1621 1913 habitum
1653 1878 1771 1912 induit

372 1937 599 1983 Edimburgi‚
618 1942 653 1971 et
670 1941 752 1981 post
769 1938 902 1971 multos
921 1947 1033 1970 annos
1057 1936 1165 1971 abbas
1187 1936 1304 1971 factus
1329 1940 1394 1977 est,
1418 1936 1656 1980 successitque
1679 1936 1770 1971 Wil-

372 1995 490 2029 helmo
509 1995 640 2036 abbati,
661 1994 718 2029 cui
737 1998 1011 2041 cognomentum
1027 1993 1354 2039 Eleemosynarius,
1371 1999 1406 2029 et
1420 2005 1441 2028 a
1452 1993 1476 2027 J
1478 1994 1585 2028 acobo
1599 1993 1635 2028 S.
1650 1993 1771 2030 Victo-

371 2053 421 2086 ris
439 2053 608 2087 canonico
625 2053 794 2099 regulari,
812 2064 853 2086 ac
871 2052 1010 2087 Scotiae
1028 2053 1157 2099 legato,
1174 2052 1345 2097 pastorali
1369 2063 1457 2086 cura
1478 2052 1663 2087 absolutus
1681 2058 1768 2087 erat.

373 2110 486 2144 Porro
511 2122 576 2144 nec
602 2109 819 2144 Wilhelmus
842 2114 964 2144 noster
987 2109 1050 2144 diu
1073 2110 1111 2144 in
1135 2110 1294 2145 coenobii
1317 2110 1493 2156 regimine
1515 2110 1684 2154 perstitit,
1709 2111 1770 2144 sed

372 2168 519 2202 senilem
536 2172 687 2202 aetatem
712 2169 869 2214 allegans
894 2178 984 2202 onus
1008 2168 1131 2214 virgae
1154 2168 1343 2213 pastoralis
1366 2167 1404 2201 in
1428 2178 1576 2202 manum
1599 2168 1769 2202 ordinarii

374 2225 429 2259 sui
447 2226 657 2271 resignavit,
677 2231 713 2260 et
737 2226 859 2260 statim
885 2230 967 2270 post
990 2225 1266 2272 resignationem
1288 2226 1445 2260 insulam
1470 2225 1514 2259 de
1538 2224 1636 2259 Keth
1659 2225 1770 2260 intra-

374 2283 438 2322 vit,
456 2283 659 2318 desiderans
683 2295 792 2329 supra
813 2284 960 2318 modum
986 2283 1098 2317 vitam
1125 2283 1343 2317 eremiticam
1366 2283 1516 2317 ducere:
1543 2293 1623 2317 cum
1649 2287 1769 2317 autem

375 2339 421 2374 ibi
458 2340 614 2385 spatium
652 2352 780 2376 novem
819 2340 1122 2376 hebdomadarum
1156 2341 1414 2385 complevisset,
1451 2345 1486 2375 et
1520 2340 1677 2386 corporis
1711 2340 1767 2374 sui
