2060 2848
678 295 854 328 GENTIS
878 295 1153 335 SCOTORUM,
1178 296 1266 328 LIB.
1292 297 1391 329 XIX.
1664 298 1727 329 653

344 389 472 434 positio
501 388 538 423 S.
568 386 787 422 Vuldebrodi
814 388 998 432 episcopi.”
1059 389 1312 434 Praeterquam
1337 390 1431 434 quod
1457 400 1585 424 nomen
1610 402 1727 426 corru-

346 451 448 491 ptum
482 449 547 485 est,
577 455 712 478 errasse
740 444 899 478 Siculum
929 450 1027 489 puto,
1058 445 1119 489 qui
1151 444 1398 480 Trevirensem
1430 457 1494 490 pro
1524 446 1727 493 Trajecten-

345 503 375 537 si
393 513 480 547 agro
497 500 697 544 usurpavit.
749 500 846 534 Petr.
865 500 1020 534 Galesin.
1039 502 1114 535 eod.
1133 502 1212 535 die:
1239 507 1261 522 ‘⁶
1279 501 1323 535 In
1348 503 1497 537 dioecesi
1523 503 1726 537 Trevirensi

347 558 383 592 S.
415 557 450 592 V
452 557 602 596 ulbrodi,
630 557 783 601 episcopi
814 561 850 591 et
879 557 1099 598 confessoris,
1130 559 1215 602 quia
1245 570 1384 592 summo
1413 559 1576 603 pontifice
1606 559 1728 606 Sergio

346 615 531 659 episcopus
562 613 687 653 factus,
714 614 751 647 in
781 613 1009 648 Germaniam
1036 616 1080 648 ad
1107 616 1329 661 evangelium
1356 617 1623 661 propagandum
1649 617 1730 650 mis-

344 683 418 712 sus,
445 671 581 717 abjecto
599 671 773 705 idolorum
792 672 890 705 cultu
913 676 1035 716 gentes
1061 671 1214 706 Frisiam
1237 673 1427 707 incolentes
1451 673 1654 707 Christiana
1678 685 1731 708 re-

347 729 478 775 ligione
501 727 692 762 instituit.”
743 727 825 762 Ado
849 728 1072 763 Trevirensis
1089 730 1211 763 eodem
1229 730 1285 763 die
1310 729 1349 762 in
1373 729 1630 776 Martyrologio
1653 742 1728 764 suo.

347 785 550 830 Epternaco
592 786 807 819 monasterio
849 785 977 819 natalis
1022 785 1057 819 S.
1101 786 1336 825 willibrordi,
1379 787 1531 831 episcopi
1574 792 1609 821 et
1651 799 1731 821 con·

347 842 502 877 fessoris.
554 842 701 876 Rabano
727 842 765 875 in
791 841 1051 888 Martyrologio
1077 842 1303 877 Wilbrordus
1329 847 1393 877 est.
1445 843 1515 882 Qui
1541 844 1643 887 plura
1673 855 1730 878 cu-

348 900 414 944 pis,
437 899 495 933 adi
519 900 563 933 ad
581 898 716 932 Bedam
742 899 802 933 lib.
822 907 859 932 V.
888 898 984 933 Hist.
1015 899 1219 933 Ecclesiast.
1247 899 1350 934 Gent.
1377 899 1528 946 Anglor.
1554 911 1628 945 cap.
1656 909 1730 934 ΧΠ.

349 961 385 990 et
419 956 530 990 vitam
565 955 602 989 S.
638 955 814 989 Bonifacii
857 955 963 995 Scoti,
1002 956 1206 1002 Moguntini
1251 957 1515 1001 archiepiscopi,
1553 962 1588 991 et
1625 957 1731 991 Joan.

351 1012 528 1047 Trithem.
555 1013 616 1047 lib.
642 1021 701 1046 111.
728 1013 771 1046 de
794 1011 873 1047 Vir.
900 1013 1027 1047 illustr.
1055 1012 1142 1046 Ord.
1169 1012 1205 1046 S.
1233 1012 1415 1047 Benedicti
1442 1024 1516 1059 cap.
1543 1022 1731 1048 cxxxvu.

350 1069 500 1114 Scripsit

498 1125 553 1160 De
566 1137 631 1160 sua
645 1125 935 1172 Peregrinatione
952 1127 1012 1161 lib.
1034 1136 1059 1160 1.
1160 1126 1424 1161 Ecclesiasticos
1443 1127 1602 1161 Canones
1628 1128 1689 1162 lib.
1710 1136 1733 1161 1.

502 1183 679 1217 Homilias
954 1184 1014 1218 lib.
1036 1192 1060 1217 1.
1161 1183 1342 1227 Epistolas
1361 1184 1404 1217 ad
1422 1184 1578 1218 diversos
1629 1184 1689 1218 lib.
1711 1193 1735 1218 1.

402 1240 537 1275 Missus
555 1245 609 1274 est
631 1240 810 1284 apostolus
834 1240 872 1274 in
895 1240 1047 1275 Frisiam
1074 1251 1177 1280 anno,
1202 1245 1244 1274 ut
1269 1240 1437 1280 dicebam,
1462 1249 1626 1275 Dcxcw.
1678 1240 1736 1275 Se-

352 1298 406 1332 dit
424 1298 607 1342 episcopus
626 1305 774 1331 XXXVI.
790 1308 903 1332 annos
921 1302 1036 1338 totos3
1061 1297 1167 1332 etiam
1191 1297 1290 1331 Beda
1313 1297 1484 1331 scribente
1506 1297 1620 1331 adhuc
1643 1298 1737 1332 sede-

355 1355 425 1395 bat,
449 1359 491 1389 ut
513 1355 588 1389 loco
610 1354 771 1399 proxime
797 1355 940 1389 laudato
957 1355 1079 1399 liquet.
1131 1354 1231 1388 Obiit
1248 1365 1340 1388 anno
1359 1362 1588 1388 Dccxxxlx.
1640 1354 1738 1400 Sige-

355 1412 486 1446 bertus.
522 1411 598 1445 Alii
616 1412 720 1445 aliam
740 1422 915 1445 annorum
933 1412 1222 1456 supputationem
1239 1410 1422 1450 inducunt,
1440 1410 1502 1444 sed
1518 1410 1603 1444 haec
1620 1411 1737 1444 verior

355 1473 391 1502 et
410 1468 523 1514 magis
541 1468 693 1513 placens.
743 1467 860 1502 Natus
878 1473 930 1502 est
949 1479 1041 1502 anno
1060 1477 1232 1502 DCLvnx.
1251 1468 1301 1501 ait
1320 1467 1468 1501 Locrius
1486 1466 1617 1501 Chron.
1636 1467 1737 1513 Belg.

358 1534 502 1559 Lxxvl.
566 1525 764 1559 ordinatus
794 1524 977 1570 episcopus
1008 1525 1138 1569 Pipino
1169 1535 1251 1570 rege
1281 1528 1422 1568 petente
1451 1534 1543 1557 anno
1575 1532 1738 1558 DCXCIV.

356 1582 483 1616 fundat
513 1581 776 1626 Epternacense
806 1582 1059 1616 monasterium
1090 1582 1146 1616 die
1178 1581 1213 1615 S.
1245 1581 1415 1615 Caeciliae
1449 1591 1541 1614 anno
1573 1589 1736 1614 Dcxcvi.

358 1639 499 1673 biennio
516 1643 596 1683 post
615 1638 723 1673 abbas
741 1639 817 1685 ejus
836 1639 937 1673 sedit.

631 1752 668 1786 S.
695 1751 910 1793 URSULA,
937 1752 982 1786 R.
1010 1752 1052 1786 F.
1080 1752 1125 1787 V.
1154 1752 1313 1787 MART.
1367 1751 1472 1789 1169.

361 1869 395 1902 S.
414 1867 593 1907 URSULA,
620 1867 741 1901 Mauri
764 1866 1072 1907 christianissimi,
1095 1872 1137 1901 ut
1159 1866 1318 1911 loquitur
1342 1866 1419 1900 Pet.
1438 1866 1480 1899 de
1498 1865 1653 1899 Natalib.
1681 1866 1742 1899 lib.

365 1935 420 1959 lx.
455 1925 569 1959 Catal.
603 1935 679 1969 cap.
715 1932 826 1958 XCIV.
865 1923 1050 1958 Scotorum
1082 1923 1174 1969 regis
1205 1922 1288 1963 filia,
1321 1933 1400 1956 cum
1432 1922 1564 1956 frustra
1589 1923 1633 1956 ad
1663 1933 1743 1957 con-

360 1983 503 2029 jugium
542 1993 563 2015 a
601 1980 856 2026 potentissimis
895 1980 1112 2025 principibus
1152 1985 1340 2025 peteretur,
1378 1979 1584 2024 praesertim
1614 1978 1745 2013 Aethe-

364 2051 423 2074 reo
457 2039 567 2085 Angli
602 2039 696 2085 regis
731 2038 813 2078 filio,
844 2043 883 2072 ut
919 2038 956 2071 in
990 2037 1212 2083 Legendario
1240 2048 1345 2077 novo,
1378 2041 1413 2070 et
1444 2036 1587 2080 ubique,
1618 2036 1744 2070 nihilo-

365 2097 483 2131 minus
513 2100 689 2136 constans,
720 2095 820 2129 vovit
851 2094 1095 2141 virginitatem
1126 2093 1213 2133 Deo,
1252 2094 1474 2138 patriamque
1511 2103 1649 2138 egressa
1682 2103 1747 2126 un-

365 2155 477 2188 decim
512 2153 625 2187 millia
658 2153 839 2199 virginum
873 2156 972 2186 trans
1002 2163 1099 2186 mare
1130 2162 1247 2185 secum
1285 2150 1406 2189 traxit,
1444 2149 1565 2183 eodem
1602 2150 1745 2193 pietatis

366 2211 502 2251 ardore,
533 2210 715 2254 sanctique
744 2210 819 2244 voti
850 2209 968 2243 studio
993 2219 1180 2250 accensas;
1216 2218 1317 2252 quae,
1353 2218 1432 2240 cum
1460 2206 1603 2240 Hunnis
1629 2207 1748 2240 cedere

367 2268 512 2307 nollent,
551 2267 779 2301 obtruncatae
817 2271 912 2306 sunt,
951 2265 1241 2310 sanctissimoque
1280 2275 1391 2310 agone
1425 2263 1463 2297 in
1492 2264 1604 2298 coelos
1634 2264 1750 2297 evola·

367 2329 463 2358 runt.
516 2323 655 2359 Colitur
696 2324 867 2359 memoria
907 2322 1038 2367 ubique
1080 2322 1252 2368 gentium,
1294 2321 1355 2356 sed
1397 2321 1550 2355 maxime
1583 2320 1749 2354 Coloniae
