2060 2848
408 333 472 363 528
792 332 1024 366 HISTORIA
1049 332 1422 367 ECCLESIASTICA

468 427 568 461 Obiit
586 438 679 461 anno
697 427 822 461 aetatis
841 436 941 461 Xon.
960 428 1040 462 vult
1053 427 1252 469 Marianus,
1270 429 1327 463 vel
1345 438 1443 463 cxx.
1469 433 1512 463 ut
1536 428 1713 465 VVernero
1740 429 1812 466 Ro-

413 485 575 519 levincho
592 485 718 529 placet,
736 485 793 518 vel
810 489 904 519 certe
921 496 1015 519 anno
1033 494 1164 519 CXXII.
1191 491 1234 520 ut
1250 486 1469 531 probabilior
1486 487 1641 531 praefert
1660 489 1813 522 auctori-

414 547 467 576 tas
485 542 654 586 plurium,
673 553 766 576 anno
792 543 897 576 salut.
921 551 1145 576 CCCCLVIII.
1172 549 1214 577 ut
1238 542 1420 587 Sylvester
1447 542 1615 578 Giraldus
1641 546 1812 589 prodidit,

413 600 469 633 vel
487 607 671 633 CCCCXCI.
690 609 733 633 ut
749 600 924 644 receptior
941 604 995 634 est
1012 610 1092 634 cum
1111 599 1295 645 Sigeberto
1313 601 1445 644 opinio.
1485 600 1530 634 In
1547 602 1701 645 quodam
1720 602 1812 636 libro

414 656 545 690 veteris
563 661 668 691 notae
687 657 765 691 MS.
785 656 1021 691 Chromelliae
1046 656 1132 690 haec
1157 661 1306 691 extant:
1333 661 1355 676 ‘⁶
1372 656 1482 691 Anno
1508 669 1579 702 quo
1602 658 1635 692 S.
1652 658 1811 705 August.

414 714 536 748 doctor
553 719 716 749 mortuus
735 719 799 754 est,
826 715 959 748 scilicet
977 722 1199 748 ccccxvnl.
1218 714 1348 747 missus
1366 718 1420 748 est
1434 714 1612 749 Patricius
1626 716 1664 749 in
1683 716 1812 750 Hiber·

412 771 542 805 niam.”
579 770 690 805 Venit
707 782 792 805 vero
805 782 846 804 eo
860 782 954 804 anno
968 779 1208 804 ceccxxxn.
1245 774 1266 790 “
1281 770 1383 804 Obiit
1397 770 1575 806 Patricius
1590 781 1811 807 ccccxcln.

412 839 506 862 anno
523 828 649 862 aetatis
667 839 752 862 suae
770 826 891 861 cxx.”
929 827 1061 861 Omnia
1077 826 1136 860 hic
1153 826 1298 867 incerta,
1316 838 1415 873 gens,
1433 829 1616 869 nativitas,
1638 831 1812 870 educatio,

412 886 508 919 vitae
525 885 644 925 series,
663 886 894 929 apostolatus,
912 885 1043 930 legatio
1061 884 1208 924 Romae,
1233 884 1408 918 adventus
1426 886 1465 919 in
1483 884 1707 926 Hiberniam,
1725 891 1812 921 tem-

411 953 478 986 pus
497 943 727 987 apostolatus,
745 942 897 986 denique
914 952 1010 975 mors
1028 941 1107 986 ipsa
1124 952 1164 975 ac
1181 942 1376 985 sepultura,
1402 946 1505 977 tanta
1529 947 1583 976 est
1608 943 1647 977 in
1671 947 1746 977 tam
1772 944 1812 978 il-

411 1000 516 1034 lustri
534 999 612 1034 viro
631 1000 790 1034 ornando
807 999 1022 1043 scriptorum
1037 999 1274 1033 vetustiorum
1288 1009 1360 1043 qua
1375 1000 1503 1045 cupido
1517 1010 1588 1045 qua
1601 1000 1786 1036 dissensio.

818 1114 853 1148 S.
883 1113 1243 1148 PLECHELMUS.
1297 1115 1405 1150 1002.

411 1231 446 1264 S.
467 1230 765 1271 PLEcHELMUs,
785 1231 970 1275 episcopus
988 1229 1169 1267 Candidae
1185 1230 1224 1264 in
1242 1229 1361 1264 Scotia
1383 1229 1506 1265 Casae.
1542 1230 1662 1265 Bedae
1688 1231 1749 1266 lib.
1770 1241 1808 1266 V.

412 1288 509 1322 Hist.
527 1287 638 1334 Angl.
658 1299 733 1332 cap.
753 1297 871 1321 xxiv,
890 1292 925 1321 et
943 1287 1106 1332 sequitur
1124 1298 1205 1321 eum
1225 1287 1393 1321 Molanus
1416 1287 1578 1321 Indiculo
1604 1287 1666 1322 SS.
1692 1288 1809 1335 Belgii

409 1356 491 1391 pag.
519 1354 602 1380 LVI.
654 1345 712 1380 Jo.
741 1345 938 1379 Gerbrand.
966 1355 987 1377 a
1013 1344 1134 1378 Leidis
1161 1344 1222 1378 lib.
1246 1354 1289 1379 11.
1317 1344 1483 1379 Chronic.
1503 1344 1606 1390 Belg.
1627 1356 1703 1390 cap.
1723 1354 1810 1379 xvl.

411 1408 432 1423 “
458 1403 494 1437 S.
523 1403 756 1443 Plechelmus,
784 1402 945 1436 sacerdos
963 1401 1044 1441 Dei,
1070 1402 1109 1435 in
1127 1402 1279 1436 confinio
1302 1402 1441 1436 Scotiae
1459 1403 1502 1436 de
1524 1403 1619 1436 clara
1636 1403 1811 1437 nobilium

409 1461 574 1505 prosapia
592 1460 831 1504 procreatus.’'
883 1458 1053 1493 Sacerdos
1071 1459 1171 1493 eunti
1189 1459 1344 1494 Romam
1362 1460 1398 1494 S.
1417 1459 1562 1494 Wironi
1579 1461 1754 1505 propositi
1773 1471 1811 1494 se

410 1523 443 1552 et
463 1518 600 1552 itineris
619 1518 753 1551 socium
772 1517 950 1562 adjunxit,
969 1521 1005 1551 et
1031 1528 1052 1550 a
1076 1516 1242 1561 pontifice
1268 1517 1432 1552 Romano
1458 1518 1643 1562 episcopus
1670 1523 1809 1552 creatus

410 1579 473 1614 est,
504 1575 579 1608 sive
601 1574 763 1608 Wironis
792 1574 988 1618 episcopus,
1013 1574 1064 1607 sic
1089 1575 1184 1607 enim
1210 1575 1370 1619 loquitur
1396 1586 1595 1619 anonymus
1622 1579 1746 1609 auctor
1770 1575 1809 1609 in

409 1632 484 1665 vita
502 1631 538 1665 S.
558 1631 718 1665 Wironis
736 1632 830 1675 apud
848 1630 993 1664 Surium
1013 1636 1098 1665 tom.
1119 1640 1179 1665 111.
1205 1632 1268 1666 die*
1290 1641 1378 1666 VIII.
1405 1632 1507 1666 Maii.
1534 1631 1650 1666 Addit
1675 1637 1806 1673 autem,

410 1693 431 1709 “
449 1689 670 1723 Plechelmus
688 1688 823 1722 virtute
840 1688 1062 1728 venerabilis,
1081 1699 1145 1722 nec
1162 1693 1277 1723 aetate
1294 1689 1421 1735 major,
1448 1700 1512 1724 nec
1538 1690 1674 1723 meritis
1692 1691 1808 1724 multo

410 1747 557 1780 minor.”
597 1746 831 1780 Consecratus
845 1757 931 1791 ergo
943 1745 1089 1780 Romae.
1129 1745 1221 1780 Cum
1233 1747 1278 1781 ad
1291 1747 1444 1791 patriam
1458 1757 1632 1786 reversus,
1646 1747 1808 1791 aliquan-

410 1804 472 1837 diu
498 1804 725 1843 substitisset,
751 1804 882 1837 iterum
904 1803 1055 1837 eundem
1081 1803 1267 1837 VVironem
1290 1811 1443 1843 secutus,
1469 1804 1507 1837 in
1534 1803 1668 1837 Gallias
1695 1805 1806 1844 venit,

410 1861 471 1895 ubi
490 1873 511 1895 a
529 1861 659 1906 Pipino
675 1860 867 1894 honorifice
884 1860 1021 1905 excepti
1039 1865 1196 1895 montem
1214 1861 1364 1901 Odiliae,
1391 1861 1466 1895 sive
1485 1861 1595 1901 Petri,
1618 1861 1663 1895 ab
1688 1873 1729 1895 eo
1752 1873 1806 1896 ac-

410 1925 588 1963 ceperunt,
607 1918 726 1962 ibique
744 1918 987 1952 sanctissimae
1004 1918 1099 1951 vitae
1117 1929 1260 1952 cursum
1279 1918 1530 1959 terminarunt,
1551 1923 1593 1952 ut
1610 1919 1733 1953 multis
1751 1919 1806 1953 in-

408 1975 463 2010 fra
482 1976 519 2009 in
537 1976 574 2010 S.
592 1975 753 2010 Wironis
770 1975 940 2009 relatione
957 1979 1095 2021 agetur.

458 2033 529 2067 Est
546 2037 665 2068 autem
684 2032 719 2067 S.
740 2032 962 2066 Plechelmus
981 2037 1153 2077 patronus
1180 2032 1453 2067 Ruraemondae
1478 2034 1517 2067 in
1541 2033 1668 2080 Belgio
1693 2034 1804 2074 urbis,

411 2091 512 2136 cujus
531 2090 667 2124 nomini
685 2090 915 2134 praecipuum
933 2090 1106 2134 templum
1124 2090 1336 2131 dedicatum,
1362 2101 1454 2135 quae
1479 2091 1687 2136 episcopalis
1705 2092 1803 2125 sedes

410 2153 525 2182 erecta
552 2152 616 2188 est,
648 2147 859 2181 concedente
884 2146 998 2180 Paulo
1024 2146 1088 2181 IV.
1116 2159 1210 2182 anno
1237 2156 1390 2181 MDLIX.
1442 2147 1696 2193 Recoliturque
1726 2149 1803 2195 ejus

410 2210 531 2239 sancta
547 2201 719 2239 memoria
736 2205 793 2238 die
811 2213 880 2238 XV.
902 2203 926 2237 J
928 2204 1004 2244 ulii,
1022 2208 1065 2238 ut
1088 2205 1127 2239 in
1153 2205 1407 2251 Martyrologii
1424 2205 1582 2239 Usuardi
1598 2204 1804 2239 Additioni-

412 2262 478 2296 bus
500 2263 624 2296 doctus
651 2262 818 2296 Molanus
844 2262 1028 2306 expressit.
1082 2267 1103 2282 “
1121 2262 1277 2296 Civitate
1303 2262 1502 2296 Oudensele
1527 2262 1645 2295 natale
1668 2261 1703 2296 S.
1723 2262 1803 2297 Ple-

409 2319 537 2354 chelmi
563 2319 715 2363 episcopi
742 2318 1046 2360 Tuneintiensis,”
1071 2320 1243 2354 indicavit
1268 2319 1452 2353 Aubertus
1478 2318 1638 2353 Miraeus
1662 2320 1706 2353 de
1724 2319 1803 2354 Col-

408 2378 477 2423 leg.
496 2376 704 2410 Canonicor.
723 2387 798 2420 cap.
819 2385 919 2410 LVII.
938 2387 982 2410 ex
999 2388 1177 2422 anonymo
1194 2388 1299 2421 quem
1317 2376 1461 2410 laudavi
1485 2387 1601 2421 nuper
1618 2377 1800 2421 scriptore.

409 2434 540 2468 Omnia
557 2433 634 2478 ejus
652 2433 784 2478 scripta
801 2434 880 2467 aevi
897 2434 1033 2480 injuria
1050 2433 1243 2479 perierunt.
