2060 2848
735 289 912 323 GENTIS
937 289 1216 328 SCOTORUM,
1243 290 1332 322 LIB.
1357 290 1421 322 IX.
1708 290 1771 320 385

378 397 457 419 cum
484 387 600 431 legato
627 386 818 429 apostolico
844 385 985 424 missus,
1010 385 1194 430 exigendis
1217 396 1282 428 pro
1306 385 1397 418 bello
1420 394 1519 418 sacro
1545 385 1702 428 pecuniis
1726 385 1770 418 ab

378 443 499 477 eodem
534 444 650 488 legato
685 442 894 487 praefectuS,
930 447 1004 476 tam
1039 442 1165 476 timide
1202 447 1237 476 et
1271 442 1465 486 prudenter
1501 453 1537 475 se
1573 442 1694 487 gessit,
1728 446 1770 475 ut

378 510 491 544 neque
521 511 593 533 non
623 499 833 533 satisfecerit
863 499 975 533 officio
1010 511 1087 539 suo,
1118 505 1153 533 et
1184 500 1260 546 regi
1292 499 1429 544 totique
1461 500 1552 533 clero
1581 499 1667 533 adeo
1697 500 1770 543 pla-

377 558 499 596 cuerit,
524 562 565 591 ut
590 558 821 603 dignissimus
846 558 944 591 visus
968 558 1026 597 sit,
1052 558 1114 602 qui
1139 557 1443 591 Dumblanensem
1468 557 1648 590 ecclesiam
1672 567 1769 601 rege-

378 620 444 648 ret.
497 615 648 659 Scripsit

526 672 580 706 De
599 672 689 706 Belli
708 672 798 706 sacri
816 672 991 707 Subsidiis
1200 672 1261 706 lib.
1282 681 1307 705 1.
1326 671 1429 717 cujus
1446 670 1649 718 fragmenta
1665 682 1771 716 quae-

575 731 657 764 dam
692 730 814 770 habeo,
849 730 1074 774 prudentiam
1110 735 1146 764 et
1180 730 1398 775 singularem
1434 729 1669 763 eruditionem
1704 734 1770 763 tes-

577 789 702 821 tantia.

530 845 671 879 Monita
692 845 809 889 Papae
1266 844 1326 878 lib.
1346 854 1371 878 1.

428 903 528 936 Obiit
546 914 638 936 anno
659 911 801 936 MCCIX.
846 902 1021 948 Georgius
1040 901 1228 936 Neutonus
1246 902 1308 936 lib.
1325 903 1368 936 de
1381 901 1608 936 Successione
1622 901 1768 946 Episco-

379 971 503 1003 porum
523 959 855 994 Dumblanensium.

739 1073 1064 1108 ALEXANDER
1090 1072 1264 1107 IRWIN.
1319 1076 1402 1111 722.

378 1189 649 1223 ALEXANDER
668 1190 790 1231 Irwin,
816 1190 1001 1234 presbyter
1025 1201 1090 1224 suo
1114 1190 1231 1223 seculo
1255 1189 1491 1230 doctissimus,
1516 1190 1670 1224 multum
1694 1191 1770 1224 ‹liu-

378 1258 446 1290 que
476 1248 732 1292 peregrinatus,
770 1249 806 1281 in
838 1247 1034 1292 Gymnasio
1069 1247 1234 1281 Romano
1264 1258 1395 1293 magna
1425 1247 1580 1281 nominis
1610 1248 1769 1282 claritate

377 1304 592 1350 theologiam
611 1305 802 1349 professus,
821 1305 964 1349 scripsit

527 1362 570 1395 In
589 1362 815 1402 Psalterium,
834 1367 869 1396 et
886 1361 1095 1396 versionem
1113 1361 1160 1396 D.
1179 1360 1405 1406 Hieronymi,
1453 1361 1514 1396 lib.
1535 1371 1559 1396 1.
1601 1361 1659 1396 Ea
1675 1362 1767 1396 enim

577 1419 671 1463 apud
696 1418 818 1453 Scotos
837 1430 967 1465 magna
984 1419 1195 1454 auctoritate
1214 1418 1542 1454 Malmesburiensis
1560 1420 1620 1454 lib.
1641 1428 1701 1453 111.
1726 1420 1769 1453 de

575 1476 693 1511 Gestis
712 1476 937 1511 Pontificum.

528 1533 582 1567 De
601 1533 891 1579 Peregrinatione
910 1545 974 1568 sua
1270 1532 1332 1567 lib.
1353 1542 1377 1566 1.

527 1590 582 1624 De
600 1590 784 1625 Laudibus
804 1591 928 1625 ltaliae
1268 1590 1329 1624 lib.
1351 1599 1375 1624 1.

427 1648 529 1682 Vixit
547 1659 640 1682 anno
659 1657 935 1682 MCCCLxxvn.

781 1763 1037 1798 GEORGIUS
1063 1764 1119 1798 IN
1121 1764 1155 1798 N
1158 1764 1230 1799 ES.
1283 1767 1365 1802 723.

379 1876 590 1912 GEORGms
608 1878 726 1920 Innes,
748 1879 943 1914 clarissimo
960 1879 1134 1926 sanguine
1152 1890 1191 1914 ac
1209 1880 1455 1915 innocentibus
1469 1882 1638 1922 moribus,
1653 1881 1765 1917 Aber-

379 1935 503 1968 doniae
537 1937 749 1970 monachum
783 1937 913 1976 induit,
948 1937 1109 1981 vixitque
1143 1938 1200 1981 pie
1235 1942 1269 1971 et
1304 1937 1419 1972 sobrie
1454 1939 1520 1973 sub
1553 1940 1676 1985 regula
1718 1949 1765 1974 ss.

380 1991 570 2026 Trinitatis
588 2004 653 2037 pro
672 1993 930 2038 Redemptione
951 1993 1196 2038 Captivorum,
1220 1995 1354 2029 ordinis
1384 1995 1439 2029 sui
1463 2007 1527 2040 per
1550 1996 1704 2031 Scotiam
1731 2003 1766 2031 et

380 2047 591 2082 Hiberniam
610 2051 850 2094 provincialis.
902 2050 1052 2094 Scripsit

527 2105 715 2141 Planctum
733 2118 840 2152 super
858 2107 971 2141 Terra
988 2107 1118 2142 Sancta
1316 2109 1376 2143 lib.
1399 2118 1424 2143 1.

527 2162 811 2209 Descriptionem
830 2165 1056 2199 Hierusalem
1074 2164 1289 2200 deformatae
1314 2166 1376 2201 lib.
1397 2176 1421 2201 1.

525 2220 580 2254 De
598 2220 790 2256 Doloribus
809 2222 946 2256 Mariae
963 2221 1125 2268 Virginis
1310 2224 1372 2258 lib.
1392 2233 1417 2258 Ι.

525 2277 580 2312 De
598 2277 744 2312 Ordinis
763 2279 819 2312 sui
836 2279 1061 2313 Fundatione
1311 2281 1371 2315 lib.
1393 2291 1417 2316 1.

427 2334 530 2369 Vixit
548 2346 641 2370 anno
661 2344 837 2370 MCDXIV.
889 2336 990 2370 Obiit
1009 2342 1110 2372 extra
1126 2338 1291 2382 patriam.
