2060 2848
651 298 826 330 GENTIS
850 298 1126 338 SCOTORUM,
1150 299 1238 331 LIB.
1263 299 1359 331 XVI.
1613 302 1692 334 *571

459 392 663 426 Editionem
703 391 862 426 omnium
904 392 1120 435 poeticorum
1162 391 1307 438 Georgii
1348 392 1558 427 Buchanani
1601 395 1693 438 Ope-

505 459 587 482 rum
610 448 670 482 lib.
691 457 716 482 1.
742 447 787 482 ab
811 448 889 492 ipso
912 453 1147 491 procuratam,
1170 449 1209 482 in
1225 459 1297 493 qua
1313 449 1423 483 nolim
1440 449 1694 495 epigrammata

506 504 690 549 quaedam,
713 504 927 539 turbulentis
945 504 1163 549 temporibus
1180 505 1312 549 scripta
1328 506 1367 539 in
1392 505 1632 540 Hamiltonios
1658 513 1692 541 et

506 562 606 602 alios,
631 565 817 606 exempta3
844 561 920 605 ipse
936 565 1030 595 certe
1046 562 1140 595 lectu
1164 561 1273 608 digna
1298 566 1493 602 censuerat,
1518 573 1583 597 nec
1599 563 1695 608 quic-

506 629 615 663 quam
640 618 754 653 civilis
780 617 944 654 factionis
961 618 1132 653 acerbitas
1150 618 1394 659 Hamiltonfis,
1417 630 1505 664 quos
1528 619 1586 653 ille
1609 621 1695 654 lace-

507 675 619 715 rabat,
638 686 762 710 nocere
780 675 894 710 debet.

459 732 646 767 Orationes
665 733 782 766 varias
1344 733 1404 767 lib.
1425 742 1449 766 1.

457 789 625 823 Carmina
642 790 827 833 utriusque
844 788 986 835 linguae
1004 800 1044 823 ac
1061 788 1152 823 varii
1169 790 1307 835 generis
1342 789 1403 824 lib.
1424 799 1448 823 1.

459 845 731 891 Epigrammata
748 846 793 879 ad
809 845 980 885 diversos,
1001 845 1154 880 maxime
1171 846 1216 880 ad
1240 846 1415 881 Thomam
1433 846 1601 892 Cragium
1620 846 1693 881 Ad-

508 906 684 943 vocatum,
1341 903 1401 938 lib.
1422 912 1446 937 1.

458 959 503 993 In
520 958 690 993 Cointum
703 958 895 995 Calabrum
907 959 1181 995 Observationes
1342 960 1403 995 lib.
1424 969 1447 994 1.

457 1015 501 1050 In
519 1015 629 1050 Coelii
648 1015 783 1050 Sedulii
800 1015 971 1050 Poemata
986 1027 1086 1051 sacra
1344 1017 1404 1052 lib.
1424 1026 1448 1051 1.

362 1073 396 1107 V
397 1073 463 1108 ivit
481 1072 596 1107 adhuc
613 1072 841 1119 Edimburgi,
859 1072 983 1107 Crates
1001 1073 1166 1108 Mallotes
1183 1075 1272 1108 alter
1289 1078 1352 1108 aut
1369 1073 1609 1109 Aristarchus.

659 1186 956 1221 GULIELMUS
980 1186 1178 1222 REGIUS.
1233 1186 1338 1225 1096.

653 1299 876 1336 JACOBUS
901 1299 1102 1335 REIDUS.
1155 1302 1260 1339 1097.

316 1415 375 1449 UT
394 1416 508 1450 multa
524 1414 595 1450 alia
610 1414 753 1460 egregia
769 1414 954 1455 ediderint,
972 1425 1038 1460 ego
1054 1413 1145 1448 nihil
1161 1414 1248 1454 vidi,
1270 1414 1340 1449 nisi
1364 1415 1403 1450 in
1425 1416 1517 1462 regis
1544 1416 1588 1450 ad
1613 1415 1694 1450 Sco-

315 1479 369 1507 tos
387 1482 468 1507 suos
486 1482 685 1518 regressum
703 1471 976 1518 Epigrammata
991 1475 1027 1507 et
1044 1471 1227 1507 Poematia
1252 1470 1313 1507 lib.
1333 1480 1357 1506 1.

713 1837 821 1864 1⁷1le
840 1837 953 1863 LIBRI
972 1838 1124 1864 DEcuss
1142 1837 1273 1863 SEXTI.
