2060 2848
388 290 451 322 614
766 290 999 324 HISTORIA
1023 290 1396 324 ECCLESIASTICA

391 395 472 420 cum
492 384 678 420 Britannis
704 386 956 427 controversia,
981 397 1073 431 quae
1098 391 1173 421 tam
1198 386 1303 421 anxie
1330 389 1508 420 nostrates
1534 386 1650 426 torsit,
1676 386 1787 420 donec

393 442 526 477 Hilarii
540 442 839 489 archipresbyteri
853 444 1012 489 epistolis
1025 444 1169 478 nomine
1187 443 1341 479 Honor-ii
1355 443 1385 478 Ι.
1403 443 1581 489 pontificis
1600 443 1785 483 admoniti,

391 500 436 533 ad
472 500 648 534 saniorem
676 506 832 536 mentem
862 506 897 536 et
926 501 1133 536 Catholicae
1167 502 1330 536 ecclesiae
1356 512 1566 536 consensum
1592 501 1785 535 redierunt.

390 556 505 603 Cujus
523 558 616 592 sedis
634 558 878 604 episcopatum
891 555 1059 599 tenuerit,
1073 570 1145 593 non
1159 564 1213 593 est
1226 559 1392 603 expedire
1404 569 1571 604 pronum.
1609 557 1787 592 Memora-

388 620 450 648 tur
483 619 569 650 tom.
607 624 667 651 111.
703 616 839 651 Concil.
876 616 915 650 in
948 616 1097 650 decretis
1132 616 1287 650 Honorii
1321 627 1397 661 cap.
1430 625 1520 650 X1X,
1551 626 1633 662 pag.
1666 623 1739 650 LXI
1745 623 1786 649 11.

388 671 539 717 Scripsit

536 729 719 774 Epistulas
732 731 778 764 ad
791 730 986 771 Hilarium,
1002 733 1040 764 et
1056 729 1244 769 Joannem,
1262 733 1298 763 et
1314 729 1473 774 reliquos
1490 728 1527 763 S.
1546 728 1591 762 R.
1610 727 1657 762 Ε.
1672 729 1786 762 locum

587 792 780 827 servantes,
1533 785 1593 820 lib.
1614 795 1639 819 1.

538 843 654 889 Super
671 844 857 879 Paschatis
875 844 1133 885 Celebratione,
1150 847 1275 878 contra
1293 842 1501 884 Britannos,
1532 843 1593 877 lib.
1614 851 1639 876 1.

442 901 583 936 Floruit
601 913 695 937 anno
713 909 886 936 DCLXIV.

849 1000 1095 1036 THEREUS
1122 1000 1168 1035 R.
1223 999 1331 1034 1126.

390 1075 603 1116 THEREUS,
621 1074 809 1110 Scotorum
826 1085 890 1110 rex
907 1084 997 1110 V111.
1015 1074 1212 1110 Reutheris
1228 1076 1325 1121 regis
1348 1083 1402 1109 v1.
1429 1074 1535 1115 filius,
1561 1072 1660 1109 Nero
1686 1075 1787 1113 alter,

388 1133 514 1177 optimi
532 1133 703 1178 principis
720 1137 840 1178 partes
858 1132 1034 1178 principio
1051 1133 1237 1178 implevit3
1265 1138 1345 1167 tum
1370 1132 1408 1166 in
1434 1132 1619 1166 libidinem
1645 1132 1786 1176 prolap-

388 1201 460 1230 sus,
479 1190 609 1225 timens
626 1190 842 1235 optimatum
868 1190 1058 1225 factionem
1085 1190 1185 1235 turpi
1211 1195 1247 1224 et
1272 1190 1445 1234 probrosa
1468 1188 1558 1235 fuga
1582 1187 1786 1223 Eboracum

387 1259 424 1281 se
442 1247 603 1288 contulit,
621 1247 684 1281 ubi
702 1247 852 1293 ignobili
870 1247 944 1282 otio
962 1258 1146 1282 senescens
1163 1247 1420 1293 exstinguitur.
1472 1246 1623 1290 Scripsit

539 1304 595 1339 De
612 1304 748 1350 optimo
766 1304 975 1349 Principum
993 1304 1185 1351 Regimine
1202 1305 1270 1339 sub
1286 1304 1432 1339 initium
1450 1303 1569 1350 Regni
1630 1303 1690 1337 lib.
1712 1312 1737 1336 1.

533 1362 737 1408 Epistolam
754 1373 862 1407 super
878 1362 1002 1397 Exilio
1019 1373 1095 1404 suo,
1114 1363 1159 1398 ad
1178 1362 1297 1409 Regni
1315 1362 1467 1402 ordines,
1628 1361 1689 1395 lib.
1710 1369 1735 1394 1.

436 1420 619 1467 Regnavit
636 1420 740 1455 annis
758 1429 834 1454 ΧΠ.
852 1431 947 1455 anno
963 1424 1047 1455 ante
1064 1421 1250 1456 assertoris
1268 1419 1417 1454 humani
1436 1418 1576 1466 generis
1594 1418 1632 1453 in
1646 1429 1787 1453 carnem

389 1479 581 1514 adventum
599 1486 810 1513 cxxxvm.
862 1477 1023 1513 Annales
1040 1479 1166 1513 nostri.

767 1591 1160 1628 THEOPHANTUS
1187 1594 1239 1628 M.
1295 1595 1401 1631 1127.

388 1710 705 1743 THEOPHANTUS
719 1708 857 1749 Scotus,
876 1707 1070 1742 monachus
1084 1708 1339 1744 Benedictinus
1358 1709 1515 1743 inclusus
1534 1708 1578 1742 ad
1596 1707 1642 1741 D.
1662 1708 1786 1743 Jacobi

387 1769 425 1801 in
443 1767 659 1801 monasterio
677 1766 864 1801 Scotorum
882 1766 1017 1811 majore
1036 1765 1237 1810 Herbipoli‚
1254 1772 1296 1801 ut
1314 1767 1390 1811 ipse
1407 1777 1480 1800 non
1496 1777 1569 1800 uno
1586 1767 1663 1800 loco
1680 1770 1786 1800 testa-

388 1831 448 1859 tur
474 1825 519 1859 ad
545 1824 664 1870 Satyr.
693 1833 737 1860 11.
765 1834 858 1859 vers.
886 1832 1052 1857 LXXXII.
1080 1824 1125 1857 ad
1151 1823 1226 1858 Sat.
1254 1833 1291 1858 v,
1319 1834 1411 1858 vers.
1440 1832 1534 1858 xcv.
1561 1823 1606 1858 ad
1630 1815 1707 1857 Satj
1731 1832 1785 1857 VI.

389 1893 479 1916 vers.
500 1890 676 1917 ccccvu.
694 1882 739 1916 ad
757 1881 832 1916 Sat.
851 1890 920 1915 XV.
939 1881 977 1914 in
995 1881 1072 1926 ipso
1089 1881 1223 1922 limine,
1243 1882 1386 1927 scripsit

532 1939 686 1980 Scholia,
704 1944 813 1985 prout
829 1944 917 1974 tunc
933 1939 1043 1973 seculi
1069 1939 1322 1980 eruditissima,
1348 1940 1387 1974 in
1413 1938 1600 1974 Juvenalis
1625 1938 1784 1984 Satyras,

583 1997 644 2032 lib.
665 2007 690 2031 1.
742 1996 852 2042 Apud
870 2008 927 2031 me
945 2001 997 2031 est
1017 1995 1169 2042 eleganti
1193 2007 1303 2031 manu
1329 1997 1588 2041 transcriptus:
1614 2007 1720 2041 quem
1746 1997 1784 2030 in

581 2054 795 2089 bibliotheca
808 2054 1008 2088 Cardinalis
1023 2053 1143 2088 Sirleti
1157 2053 1278 2094 fuisse,
1295 2065 1360 2089 nec
1374 2059 1495 2089 tamen
1508 2054 1783 2100 autographum,

583 2112 780 2157 exscriptor
797 2112 910 2147 docet.
955 2111 1117 2145 Meretur
1134 2111 1260 2151 lucem,
1274 2116 1309 2146 et
1323 2112 1352 2146 si
1372 2112 1486 2146 otium
1504 2116 1596 2146 esset
1608 2112 1685 2157 jam
1703 2122 1783 2155 pro—

583 2170 719 2204 diisset.

437 2227 619 2262 Scribebat
642 2227 680 2261 in
706 2226 909 2267 Germania,
935 2226 1067 2261 ibidem
1094 2228 1263 2267 inclusus,
1290 2238 1370 2261 cum
1392 2226 1573 2261 Gerardus
1598 2226 1782 2271 episcopus
1805 2246 1808 2249 Δ

391 2285 669 2329 Herbipolensis,
701 2289 723 2305 ‘⁶
749 2296 880 2331 magna
906 2284 1039 2318 civium
1066 2284 1163 2318 clade
1191 2284 1350 2331 fugatus,
1377 2285 1512 2330 majore
1537 2284 1704 2318 reductus
1731 2294 1783 2318 es-

389 2348 453 2383 set,
484 2342 577 2376 tanti
604 2342 705 2376 exitii
732 2347 868 2377 cometa
897 2341 1146 2387 praenuncio,’'
1174 2347 1215 2376 ut
1245 2342 1320 2386 ipse
1349 2342 1521 2387 loquitur,
1553 2342 1598 2376 ad
1622 2341 1699 2376 Sat.
1727 2350 1781 2374 VI.

390 2411 481 2434 vers.
510 2408 665 2434 CCCCVI.
720 2399 762 2434 Id
788 2404 908 2434 autem
934 2399 1060 2434 incidit
1086 2400 1124 2433 in
1149 2410 1231 2433 ann.
1255 2407 1514 2434 Mceexevnl.
1567 2398 1781 2443 Anonymus
