2060 2848
410 304 472 337 492
797 304 1031 337 HISTORIA
1056 304 1431 339 ECCLESIASTICA

559 397 656 432 Duffi
674 398 785 445 Regis
804 399 916 440 Mors,
935 401 980 434 ad
999 399 1036 434 N
1038 412 1164 435 ervum
1181 400 1372 441 Abbatem,
1453 401 1515 436 lib.
1536 410 1560 435 1.

459 455 629 491 Florebat
646 468 740 492 anno
760 466 920 492 Mcxxc.
940 462 1003 492 aut
1023 458 1174 493 circiter.

919 572 1164 608 MI'CHEAS.
1217 576 1301 612 933.

409 689 449 723 M
454 698 616 730 IeHEAs,
634 689 830 723 monachus
851 689 1106 729 cluniacensis,
1134 700 1177 722 ex
1204 689 1384 724 sacerdote
1403 690 1553 724 seculari
1571 690 1687 726 factus
1706 703 1810 738 regu-

407 747 491 781 laris
516 747 724 781 observator
741 747 779 780 in
797 747 964 780 coenobio
983 746 1108 780 Crucis
1127 746 1286 792 Regalis,
1305 752 1471 781 constans
1497 752 1653 782 assertor
1678 750 1807 783 verita-

408 805 466 845 tis,
484 810 519 838 et
538 804 618 838 fidei
637 804 856 838 orthodoxae
874 808 1131 849 propugnator,
1158 803 1296 837 erudite
1314 805 1432 838 multa
1449 805 1641 839 memoriae
1658 807 1807 850 posteri-

407 863 491 896 tatis
522 861 717 901 mandavit,
750 861 812 894 sed
842 861 978 895 editum
1009 864 1152 894 tantum
1182 865 1235 894 est
1267 866 1392 895 contra
1422 862 1620 896 divortium
1657 862 1806 898 Henrici

408 919 535 960 octavi,
554 918 621 952 sub
639 919 757 959 titulo,

556 977 628 1010 Pro
647 976 764 1010 Causa
782 976 996 1010 Catherinae
1015 976 1177 1023 Reginae
1404 977 1466 1011 lib.
1487 986 1512 1010 1.

454 1035 558 1070 Vixit
576 1035 614 1068 in
631 1033 766 1080 Anglia
784 1046 878 1068 anno
899 1043 1068 1068 MDXXX.
1088 1035 1207 1068 nescio
1225 1045 1295 1079 qua
1314 1035 1507 1069 occasione.

912 1149 1163 1184 MICHAEL.
1217 1151 1301 1188 934.

404 1268 607 1302 MerAEL
654 1266 882 1302 Glascuensis
923 1266 1120 1310 episcopus,
1161 1266 1199 1299 in
1239 1264 1375 1312 Anglia
1417 1271 1653 1308 consecratus,
1698 1269 1805 1313 scrip-

404 1326 451 1360 sit

552 1383 625 1418 Pro
638 1381 815 1422 Morcuto,
829 1382 867 1415 in
879 1380 999 1415 Scotia
1011 1382 1188 1422 exulante,
1200 1381 1244 1415 ad
1257 1380 1477 1416 Gulielmum
1490 1382 1805 1428 Conquaestorem,

601 1439 757 1486 Angliae
775 1440 923 1486 Regem,
942 1439 1238 1483 Deprecationem
1396 1440 1456 1474 lib.
1478 1450 1503 1474 1.

452 1500 695 1545 Inauguratus
714 1502 768 1532 est
786 1509 880 1531 anno
900 1505 1037 1531 MLXX·
1072 1497 1242 1531 Meminit
1259 1497 1461 1543 Polydorus
1475 1497 1653 1545 Virgilius
1667 1499 1728 1534 lib.
1747 1508 1802 1534 IX.

403 1558 542 1593 Histor.
561 1556 705 1602 Anglic.
724 1566 806 1601 pag.
827 1564 937 1589 CLVI.
956 1558 991 1588 et
1009 1554 1080 1588 alii.

861 1670 896 1704 S.
925 1669 1226 1704 MAURITIUS.
1255 1672 1340 1708 935.

402 1786 438 1825 S.
459 1790 710 1828 MAURITIUS,
731 1787 931 1821 insularum
950 1785 1084 1820 Missae
1110 1786 1230 1826 abbas,
1254 1798 1333 1820 cum
1361 1787 1521 1821 Roberto
1548 1787 1681 1822 Brusio
1706 1800 1800 1836 rege,

401 1853 443 1883 ut
462 1847 647 1891 Turpinus
674 1856 755 1879 cum
782 1844 910 1878 Carolo
935 1843 1072 1889 Magno
1096 1844 1279 1884 militavit,
1308 1845 1564 1889 brachiumque
1590 1845 1626 1880 S.
1655 1845 1799 1882 Philani

402 1910 464 1940 aut
482 1905 578 1945 tulit,
597 1909 659 1938 aut
677 1903 769 1937 ferre
787 1903 824 1936 in
850 1901 944 1947 regis
972 1906 1089 1935 castra
1117 1902 1255 1942 voluit3
1285 1907 1320 1936 et
1346 1906 1536 1947 postquam
1563 1915 1662 1938 sacra
1688 1905 1800 1938 admi-

402 1964 600 2002 nistrasset,
622 1965 769 1996 cruento
793 1959 925 2005 Anglis
952 1959 997 1993 ad
1022 1959 1264 1993 Bannocburn
1290 1960 1425 2004 praelio
1451 1971 1589 1994 crucem
1616 1963 1798 2005 praetulit,

402 2022 533 2056 milites
551 2021 727 2059 hortatus,
746 2029 923 2052 summam
943 2017 993 2051 eis
1019 2018 1240 2051 alacritatem
1266 2018 1407 2055 indidit,
1434 2021 1475 2051 ut
1502 2017 1639 2064 Regem
1659 2018 1799 2054 Eduar-

401 2081 487 2114 dum
517 2079 555 2112 in
585 2078 708 2124 fugam
740 2076 1001 2120 compellerent,
1032 2083 1070 2108 L.
1098 2075 1212 2109 millia
1242 2076 1468 2120 perimerent,
1500 2081 1536 2109 et
1564 2085 1624 2110 cc.
1661 2078 1796 2121 equites

402 2142 556 2172 auratos.
600 2135 636 2169 S.
657 2134 800 2168 Philani
818 2133 954 2167 brachii
973 2133 1183 2167 miraculum
1202 2133 1353 2167 historia
1370 2133 1541 2177 loquitur,
1563 2139 1598 2168 et
1615 2145 1687 2168 non
1704 2135 1798 2168 inso-

402 2197 476 2229 lens
502 2193 669 2238 reliquias
696 2196 900 2226 sanctorum
926 2191 964 2224 in
990 2196 1106 2224 castra
1130 2190 1216 2224 ferri
1242 2192 1410 2225 docemur
1433 2203 1477 2225 ex
1501 2192 1650 2236 epistola
1676 2192 1798 2226 Carlo-

403 2252 499 2287 mani
518 2252 616 2285 ducis
635 2252 672 2284 in
690 2251 887 2294 Capitular.
911 2249 972 2283 lib.
991 2257 1030 2282 V.
1057 2260 1132 2293 cap.
1154 2257 1196 2282 11.
1225 2248 1333 2295 Greg.
1361 2248 1498 2283 Turon.
1526 2249 1586 2283 lib.
1615 2258 1669 2283 vl.
1698 2248 1795 2283 Hist.

401 2321 475 2354 cap.
497 2318 631 2343 XXVII.
683 2308 833 2352 Scripsit

550 2366 605 2401 De
623 2365 743 2400 Sancti
762 2365 905 2399 Philani
923 2364 1027 2400 Actis
1339 2364 1400 2398 lib.
1421 2373 1447 2397 1.

551 2424 746 2459 Conciones
765 2423 809 2457 ad
828 2422 964 2458 Milites
982 2434 1098 2457 sacras
1337 2421 1399 2456 lib.
1420 2430 1444 2455 1.
