2060 2848
327 281 391 312 680
721 279 950 313 HISTORIA
974 280 1343 313 ECCLESIASTICA

342 375 385 409 In
405 374 596 410 Aelianum
615 375 902 410 Commentarius
920 375 980 410 lib.
1002 384 1027 409 1.

343 433 384 466 In
404 432 599 477 Corippum
617 432 830 467 Africanum
849 433 1135 468 Commentarius
1153 434 1213 468 lib.
1234 442 1289 467 IV.
1341 432 1518 467 Lutetiae.

341 490 568 536 Mythologia
591 501 635 524 ex
657 489 877 525 Auctoribus
901 490 1044 525 Graecis
1069 490 1282 536 Latinisque
1310 501 1382 524 non
1407 488 1627 536 vulgaribus,
1654 494 1688 523 ct

388 549 597 593 plerumque
626 548 889 593 manuscriptis,
917 548 1077 593 lapidum
1101 548 1405 593 inscriptionibus,
1430 552 1464 582 et
1494 547 1687 581 numisma-

387 606 446 645 tis,
472 605 533 640 lib.
554 614 579 639 1.

339 662 613 708 Antiquitatum
631 663 877 697 Romanarum
895 662 1035 707 Corpus
1053 663 1359 696 absolutissimum
1377 661 1437 695 lib.
1459 670 1499 695 X.

338 719 546 764 Apparatus
564 720 609 753 ad
628 718 828 752 Historiam
847 718 1021 752 Scoticam
1040 719 1102 753 lib.
1123 728 1148 752 Ι.

338 776 393 811 De
412 776 652 821 Scriptoribus
670 774 784 809 Scotis
803 775 864 809 lib.
884 784 973 809 XIX.

338 833 599 878 Episcoporum
617 833 655 866 in
673 832 792 866 Scotia
809 832 991 868 successio
1008 834 1069 868 lib.
1090 842 1183 868 x111.

338 890 522 925 Abbatum
541 891 578 924 in
597 890 717 925 Scotia
734 890 917 925 Successio
934 891 995 926 lib.
1017 900 1043 925 1.

337 947 431 982 Scoti
451 947 553 983 Bello
570 948 656 982 clari
674 947 735 982 lib.
756 957 781 982 1.

335 1005 390 1039 De
408 1006 539 1051 triplici
557 1005 580 1039 J
582 1010 779 1046 uramentO,
797 1005 874 1040 sive
891 1005 1114 1042 Retractatio
1131 1007 1219 1042 Loci
1238 1018 1281 1042 ex
1299 1008 1390 1043 libro
1409 1017 1450 1042 x.
1475 1008 1683 1054 Antiquita-

386 1068 462 1098 tum
483 1063 727 1098 Romanarum
746 1074 821 1108 cap.
842 1072 902 1097 111.
921 1075 1002 1110 pag.
1023 1073 1317 1100 DCCLxxxvm.
1336 1066 1398 1100 lib.
1419 1075 1443 1100 1.

335 1120 520 1166 Epistulae
546 1121 592 1155 ad
617 1120 725 1155 Viros
751 1120 909 1155 eruditos
935 1125 1012 1156 tota
1041 1123 1173 1166 passim
1200 1121 1359 1167 Europa,
1391 1122 1524 1163 Scotos,
1551 1123 1682 1164 Gallos,

381 1178 532 1224 Anglos,
557 1178 678 1218 Italos,
702 1178 844 1224 Belgas,
871 1178 1080 1219 Germanos,
1105 1179 1298 1224 Hispanos,
1324 1180 1489 1221 Polonos,
1518 1185 1553 1214 et
1578 1180 1682 1215 Hun-

381 1247 498 1282 garos,
516 1236 579 1281 qui
596 1240 823 1281 peramanter
841 1240 877 1270 et
898 1236 1013 1270 docte.
1026 1237 1286 1281 rescripserunt
1308 1248 1441 1278 omnes,
1466 1242 1530 1272 aut
1552 1238 1682 1273 invita-

381 1298 479 1334 runt,
498 1294 559 1328 lib.
580 1303 604 1327 1.

335 1350 378 1385 In
404 1351 590 1386 Benedicti
615 1350 755 1386 Accolti
775 1351 920 1386 Aretini
946 1351 1146 1386 Historiam
1173 1353 1216 1387 de
1242 1353 1344 1387 Bello
1363 1353 1469 1388 Sacro
1495 1353 1682 1388 Commen-

382 1410 495 1444 tarius
525 1409 586 1444 lib.
624 1418 679 1443 JV.
716 1414 846 1455 rogatu
883 1410 1143 1454 perillustrium
1180 1409 1423 1451 Accoltorum,
1462 1416 1498 1445 et
1531 1411 1681 1445 clarissi-

380 1478 532 1508 morum,
563 1467 742 1501 Leonardi
773 1478 905 1513 magno
935 1467 1017 1501 duci
1044 1479 1065 1501 a
1092 1468 1246 1508 secretis,
1280 1473 1315 1502 et
1342 1467 1442 1502 Petri
1470 1467 1680 1513 professoris

381 1525 551 1559 ordinarii
565 1525 659 1571 juris
678 1525 773 1569 apud
798 1524 959 1563 Pisanos,
986 1525 1043 1559 cui
1069 1525 1190 1559 omnia
1215 1525 1334 1566 debeo,
1358 1526 1434 1572 jam
1463 1525 1529 1560 sub
1552 1524 1679 1561 incude

380 1588 444 1622 est,
463 1588 499 1617 et
516 1583 646 1629 dignus
664 1586 719 1616 est
736 1586 860 1616 auctor
877 1582 915 1615 in
933 1593 1005 1627 quo
1022 1583 1182 1617 ornando
1200 1582 1428 1627 impendatur
1445 1595 1563 1628 opera.

331 1639 505 1674 Hetruria
535 1639 681 1686 Regalis
712 1639 773 1673 lib.
806 1647 879 1673 vn.
911 1640 1007 1684 quod
1037 1650 1126 1683 opus
1156 1651 1200 1673 ex
1231 1640 1348 1674 tribus
1384 1645 1570 1674 auctorum
1597 1641 1675 1675 mil-

379 1698 471 1732 libus
502 1698 686 1731 collectum
718 1697 867 1741 suscepi,
898 1697 1044 1731 hortatu
1075 1696 1217 1730 Camilli
1245 1696 1381 1737 Guidii,
1412 1697 1543 1742 equitis
1568 1696 1676 1732 Vola-

379 1756 523 1795 terrani,
559 1766 690 1801 magno
724 1754 806 1788 duci
842 1765 863 1788 a
893 1755 1047 1795 secretis,
1088 1761 1123 1788 et
1159 1754 1273 1788 edicto
1308 1754 1480 1799 principis
1514 1765 1675 1789 censores

377 1813 551 1858 legerunt,
571 1812 837 1856 probaruntque
855 1811 1123 1856 Archiepiscopi
1147 1811 1359 1846 Franciscus
1385 1811 1589 1846 Boncianus
1614 1812 1672 1847 Pi-

376 1882 495 1910 sanus,
522 1869 727 1904 Alexander
753 1868 909 1903 Martius
938 1869 1094 1904 Medices
1127 1868 1369 1910 Florentinus,
1403 1869 1671 1905 archidiaconus

376 1928 616 1968 Florentinus,
657 1927 808 1961 Cosmus
848 1926 1100 1966 Minerbettus,
1141 1926 1304 1971 Raphael
1342 1926 1511 1967 Medices,
1552 1938 1671 1972 eques,

375 1986 602 2030 marchioque
629 1984 785 2024 Bottius,
812 1989 847 2018 et
870 1983 1018 2018 Curtius
1042 1983 1229 2024 Picchena,
1255 1984 1447 2028 primarius
1471 1995 1492 2018 a
1514 1985 1669 2019 secretis.

373 2044 440 2078 Sed
459 2043 543 2088 quia
565 2042 724 2076 nondum
749 2042 865 2076 adhuc
888 2041 1032 2086 prodiit,
1056 2052 1128 2076 non
1151 2041 1369 2087 gravaberiS,
1393 2041 1513 2082 lector,
1538 2041 1670 2088 sigilla-

370 2102 433 2135 tim
453 2099 647 2135 summaria
664 2099 889 2144 percurrisse.
