2060 2848
327 300 391 333 686
712 301 946 335 HISTORIA
969 300 1343 334 ECCLESIASTICA

381 396 625 432 Praefationes
643 398 804 431 solennes
822 397 860 431 in
877 397 1064 442 plerosque
1081 397 1268 442 utriusque
1291 397 1435 443 linguae
1458 404 1631 440 auctores,
1657 400 1725 435 Pa-

427 454 534 495 risiis,
566 454 729 495 Tolosae,
766 454 951 495 Nemausi,
986 453 1095 495 Pisis,
1126 454 1321 497 Bononiae,
1352 466 1506 500 quarum
1536 457 1726 503 pleraeque

426 512 647 556 prodierunt,
665 512 725 546 lib.
746 521 771 546 1.

377 568 532 603 Scotiam
547 570 789 610 illustriorem,
804 581 866 604 seu
881 569 1132 604 Mendicabula
1142 582 1314 615 repressa,
1327 571 1389 606 lib.
1404 580 1429 605 1.
1469 572 1627 608 Mendici
1646 573 1725 618 qui·-

426 627 508 661 dam
528 627 681 661 Hiberni
700 628 919 661 virulentum
937 627 1096 660 libellum
1115 628 1314 671 suppressis
1338 629 1543 664 nominibus
1561 630 1599 664 in
1623 631 1724 664 illum

425 685 650 728 scripserant,
668 685 725 718 cui
744 685 802 718 ille
819 684 1028 727 respondet:
1057 683 1191 727 prodiit
1210 683 1359 719 Parisiis
1378 686 1560 730 superiore
1578 698 1682 721 anno.

379 740 542 775 Historia
553 741 832 785 Quadrupedum
845 740 1060 775 bisulcorum
1072 739 1214 785 Ulyssis
1226 740 1463 783 Aldrovandi,
1475 743 1615 778 decreto
1626 755 1726 778 sena-

427 803 485 832 tus
497 803 671 842 suscepta,
684 803 719 832 et
730 798 869 832 Bonon.
881 797 987 836 edita,
999 798 1060 831 lib.
1074 807 1099 831 1.
1118 798 1252 842 prodiit
1264 798 1414 833 Parisiis
1426 801 1607 844 superiore
1619 812 1724 835 anno.

374 855 399 889 J
401 856 557 889 udicium
572 856 615 889 de
628 855 837 900 Scriptorib.
852 854 983 901 Anglis
998 854 1136 889 Histor.
1152 860 1187 889 et
1206 856 1363 890 sublecta
1381 868 1503 891 eorum
1523 857 1601 899 fide,
1620 858 1682 893 lib.
1698 868 1724 892 1.

377 913 478 947 Haec
495 914 667 948 trimestri
686 925 781 953 cura,
800 914 894 947 inter
912 913 1072 946 assiduas
1096 912 1183 946 foris
1204 913 1383 954 lectiones,
1408 914 1505 948 domi
1530 915 1725 950 solicitudi-

325 982 399 1011 nes,
426 982 530 1017 aegre
548 971 719 1005 moliebar
743 982 837 1005 anno
863 971 968 1005 salut.
998 978 1178 1004 MDCXlx.
1209 971 1266 1004 die
1293 980 1354 1005 111.
1381 973 1515 1008 calend.
1543 973 1724 1017 quintiles,

326 1029 453 1063 aetatis
479 1040 564 1063 vero
588 1040 681 1063 anno
708 1038 862 1063 xxxlx.
913 1028 952 1062 Si
979 1039 1064 1062 vero
1090 1028 1176 1072 quid
1202 1028 1432 1070 orthodoxae,
1459 1030 1662 1070 catholicae,
1689 1035 1725 1066 et

325 1087 547 1131 apostolicae,
566 1086 750 1121 Romanae
767 1087 849 1120 fidei
867 1086 1086 1121 contrarium
1104 1086 1162 1126 sit,
1180 1086 1367 1127 indictum,
1385 1088 1634 1133 incogitatum,
1658 1099 1722 1122 nec

325 1145 498 1189 scriptum
524 1145 653 1178 velim:
680 1145 731 1178 ita
755 1145 986 1189 asperrimam
1010 1142 1194 1177 fortunam
1219 1147 1255 1178 et
1281 1144 1412 1178 durum
1444 1145 1592 1179 exilium
1622 1144 1723 1180 Deus

324 1203 434 1237 lenire
452 1202 550 1236 velit.
602 1202 753 1237 Utinam
770 1201 775 1235 !
802 1203 941 1236 utinam
958 1200 964 1234 !

372 1260 573 1295 Videbatur
590 1265 625 1294 et
643 1260 740 1304 operi
764 1264 799 1293 et
822 1258 1011 1293 aerumnis
1025 1258 1131 1293 finem
1153 1259 1376 1304 imposuisse,
1401 1271 1482 1294 cum
1507 1271 1584 1294 ecce
1606 1271 1721 1295 novus

323 1318 429 1352 turbo
465 1323 621 1357 exortus,
658 1322 818 1362 speratae
853 1317 983 1361 quiet-is
1017 1317 1315 1361 tranquillitatem
1350 1318 1517 1358 excussit,
1557 1322 1592 1352 et
1627 1329 1646 1353 e
1680 1319 1722 1351 li-

323 1376 445 1410 terarii
488 1375 552 1410 otii
594 1380 702 1420 portu
748 1376 898 1409 laceram
944 1374 1101 1408 carinam
1144 1374 1342 1408 calumniae
1385 1373 1552 1410 fluctibus
1594 1376 1633 1410 in
1671 1377 1722 1410 al-

322 1440 400 1468 tum
428 1434 615 1478 exposuit3
647 1444 758 1479 grave
786 1433 882 1466 enim
907 1432 1071 1478 jurgium
1098 1432 1193 1466 inter
1222 1432 1325 1466 illum
1354 1437 1391 1466 et
1420 1431 1581 1479 Anglum
1610 1445 1721 1478 quen-

322 1492 404 1526 dam
438 1491 553 1525 causis
584 1502 657 1525 non
686 1490 824 1524 levibus
854 1494 1006 1531 natum3
1042 1501 1194 1535 cumque
1228 1501 1284 1523 res
1319 1490 1382 1524 diu
1412 1495 1605 1534 protracta,
1643 1489 1720 1525 An-

320 1551 401 1596 glus
436 1555 578 1594 tempus
614 1559 719 1582 suum
754 1552 880 1582 nactus
914 1547 1099 1593 negotium
1133 1547 1258 1581 aulicis
1294 1547 1508 1592 quibusdam
1543 1559 1719 1583 commen-

320 1608 431 1647 davit,
470 1607 533 1651 qui
575 1617 760 1651 nunquam
798 1605 1024 1645 destiterunt,
1067 1605 1178 1639 donec
1221 1604 1393 1645 Thomae,
1436 1606 1580 1640 nomine
1623 1606 1717 1640 beni-

320 1664 485 1710 gnissimi
519 1664 702 1708 principis,
744 1667 779 1697 et
813 1673 941 1707 parum
975 1663 1119 1708 negotia
1152 1662 1198 1696 ob
1231 1662 1474 1696 valetudinem
1518 1663 1717 1704 tractantis,

322 1726 385 1756 aut
418 1721 599 1767 palinodia
628 1721 903 1765 praeciperetur,
935 1724 998 1754 aut
1027 1719 1202 1754 Hetruria
1237 1719 1416 1753 discessio.
1479 1719 1531 1754 Et
1561 1732 1641 1754 cum
1677 1732 1718 1754 ea

320 1791 410 1825 quae
436 1779 511 1823 ipse
538 1778 724 1812 verissima
750 1777 913 1823 putabat,
943 1788 1108 1811 revocare
1138 1778 1258 1817 nollet,
1292 1775 1452 1811 Thomas
1480 1789 1544 1811 nec
1573 1782 1715 1813 tantum

318 1837 446 1872 honori
473 1848 537 1871 suo
563 1837 695 1870 vulnus
721 1834 893 1881 infligere,
920 1839 1001 1879 post
1027 1835 1224 1869 custodiam
1251 1834 1498 1869 Florentinam
1523 1839 1630 1880 atque
1655 1835 1715 1869 Pi-

319 1906 453 1935 sanam,
485 1898 567 1938 post
597 1894 791 1928 intentatas
822 1892 859 1926 in
895 1891 994 1926 Silva
1028 1892 1149 1927 Sancti
1180 1892 1334 1927 Romani
1369 1904 1391 1926 a
1421 1892 1604 1927 vilissimis
1638 1892 1715 1927 An-

318 1955 387 2000 glis
430 1953 589 1991 insidias,
633 1955 712 1995 post
761 1955 891 1996 negata
940 1950 1135 1984 multorum
1187 1950 1372 1994 colloquia,
1415 1961 1459 1984 ne
1508 1950 1715 1984 viderentur

317 2010 513 2056 principem
563 2010 724 2049 violasse,
767 2009 910 2042 tandem
954 2008 1047 2042 bona
1089 2019 1170 2041 cum
1213 2008 1340 2052 optimi
1383 2007 1553 2052 principis
1598 2008 1712 2048 venia,

317 2073 380 2103 aut
414 2079 454 2102 eo
489 2071 581 2101 certe
616 2067 873 2105 dissimulante,
914 2065 1007 2099 Pisis
1046 2065 1217 2105 discessit,
1253 2065 1445 2099 comitante
1479 2065 1558 2098 viro
1593 2066 1713 2100 claris-

317 2128 406 2160 simo
433 2125 541 2160 Petro
566 2123 725 2164 Accolto,
751 2124 808 2158 die
835 2132 924 2157 xxt.
951 2122 1040 2156 Julii
1067 2133 1160 2156 anno
1179 2131 1362 2156 MDcxlx.
1389 2122 1513 2157 multis
1539 2127 1575 2156 et
1601 2133 1711 2166 paene

317 2184 482 2218 omnibus
529 2182 680 2216 literatis
729 2181 942 2222 dolentibus,
995 2185 1057 2214 aut
1107 2179 1240 2214 factum
1284 2179 1510 2220 mirantibus,
1557 2181 1712 2215 maxime

316 2241 506 2275 Francisco
553 2239 748 2279 Bonciano,
791 2238 958 2273 Pisarum
1000 2238 1274 2282 archiepiscopo,
1317 2237 1524 2272 Alexandro
1576 2237 1711 2272 Martio

316 2298 465 2338 Medice,
492 2297 754 2342 archiepiscopo
780 2296 1000 2336 Florentino,
1032 2295 1239 2329 Alexandro
1270 2295 1406 2336 Caecia,
1439 2295 1600 2329 antistite
1631 2295 1710 2329 Pis-

316 2356 475 2396 toriensi,
494 2355 623 2389 Cosmo
642 2354 872 2394 Miuerbetto,
891 2353 1137 2388 archidiacono
1156 2352 1376 2393 Florentino,
1396 2352 1523 2387 Curtio
1542 2352 1709 2393 Pichena,
