2118 2854
378 338 441 368 5556
759 336 990 369 HISTORIA
1016 337 1390 370 ECCLESIASTICA

382 436 515 465 cretum
543 432 706 466 ecclesiae
732 431 915 476 quippiam
942 431 1140 466 admittere.
1203 432 1339 466 Romae
1370 443 1501 477 magno
1532 433 1607 466 loco
1638 444 1658 465 a
1689 443 1774 476 pon-

383 488 474 522 tifice
493 488 665 535 Gregorio
683 488 792 523 XIII.
811 489 966 528 habitus,
985 488 1119 533 majore
1137 500 1157 521 a
1176 488 1249 521 suis
1268 487 1511 531 popularibus,
1532 499 1620 531 quos
1645 488 1682 521 in
1706 488 1774 521 fide

382 546 539 580 labantes
574 557 646 580 non
680 547 903 580 mediocriter
936 545 1169 584 confirmavit,
1212 545 1354 588 publica
1396 555 1476 577 cum
1523 544 1667 578 Knoxio
1702 546 1773 578 dis-

382 604 579 647 ceptatione
609 604 879 648 habita‚.quem
910 604 962 636 ita
988 609 1023 636 et
1049 602 1085 635 vi
1112 602 1274 636 veritatis
1301 607 1336 635 et
1363 602 1564 646 eloquentia
1589 603 1773 646 depressit,

381 668 419 694 ut
455 672 527 694 non
561 661 674 705 pauci,
710 660 846 695 haeresi
881 661 1060 699 damnata,
1096 659 1133 692 in
1175 659 1338 693 ecclesiae
1381 659 1559 704 gremium
1602 660 1770 694 redirent.

381 718 528 762 Scripsit
973 746 976 750 Δ

525 775 717 821 Dialogum
736 776 774 808 in
793 774 1046 809 Controversia
1061 774 1174 814 Fidei,
1190 785 1295 819 quem
1311 773 1380 807 Th.
1401 773 1591 808 Smetonus
1609 780 1772 819 apostata

574 833 799 878 impugnavit
827 840 950 866 contra
977 832 1196 866 Catholicam
1224 843 1379 871 causam,
1406 831 1466 865 lib.
1489 841 1512 865 1.
1567 831 1650 866 Alia
1670 832 1770 867 Patri

575 889 688 934 Tyrio
707 890 842 923 edenda
860 890 1007 934 reliquit
1022 899 1031 929 ;
1060 900 1106 922 an
1124 889 1323 932 prodierint
1341 889 1479 935 ignoro.

426 947 525 981 Obiit
540 947 576 980 in
591 946 777 988 Vaticano,
794 947 940 981 aedibus
961 959 982 981 a
999 946 1034 980 S.
1048 946 1093 980 D.
1107 945 1154 980 N.
1175 947 1243 980 sibi
1257 947 1462 992 assignatiS,
1475 958 1569 981 anno
1585 955 1769 981 MDXC111.

625 1061 994 1096 ARCHIBALDUS
1023 1060 1377 1095 HAMILTONUS.
1432 1060 1515 1099 672.

375 1177 675 1211 ARCHIBALDUS
703 1178 946 1217 Hamiltonus,
977 1178 1015 1211 in
1046 1178 1172 1211 insulis
1200 1176 1347 1211 Scoticis
1374 1182 1491 1218 natuS,
1519 1178 1646 1212 celebri
1674 1178 1769 1212 fama

373 1235 521 1269 Parisiis
539 1236 670 1275 docuit,
689 1235 866 1269 auditorio
885 1235 1112 1280 ingeniosuo
1132 1235 1253 1279 digno.
1307 1233 1458 1278 Scripsit

522 1292 576 1326 De
594 1292 828 1337 Philosophia
845 1291 1075 1326 Aristotelica
1400 1292 1460 1325 lib.
1481 1301 1517 1325 v.

422 1350 531 1384 Venit
559 1349 742 1384 Lutetiam
775 1361 868 1384 anno
902 1358 1088 1383 MDXXXI.
1145 1348 1241 1382 Acta
1270 1349 1426 1384 nationis
1460 1349 1691 1385 Germanicae
1723 1352 1765 1384 ad

373 1407 452 1441 DD.
474 1407 593 1442 Cosmi
613 1413 648 1442 et
665 1408 835 1442 Damiani
854 1412 1036 1442 asservata
1053 1418 1134 1452 pag.
1155 1415 1326 1441 CLXXIV.

643 1522 971 1557 ALEXANDER
1000 1521 1355 1556 HAMILTONUS.
1410 1521 1492 1560 673.

370 1639 641 1673 ALEXANDER
691 1637 924 1672 Hamiltonus
970 1636 1206 1678 GlascuensiS,
1252 1637 1418 1672 Lutetiae
1461 1639 1568 1673 etiam
1612 1640 1650 1673 in
1692 1640 1765 1674 Lu-

370 1708 483 1731 xoveo
518 1695 707 1740 professor,
749 1706 916 1741 magnam
957 1695 1013 1728 sui
1052 1694 1097 1729 ab
1135 1695 1334 1729 eruditione
1375 1697 1549 1742 singulari
1594 1697 1765 1732 excitavit

370 1754 681 1799 exspectationem,
724 1757 759 1786 et
802 1753 965 1797 implevit
1009 1752 1212 1787 auditorum
1257 1752 1405 1787 florente
1445 1755 1625 1788 academia
1668 1760 1762 1789 vota.

371 1812 519 1855 Scripsit
989 1856 993 1861 .

520 1869 709 1903 Orationes
1260 1868 1320 1902 lib.
1342 1877 1366 1901 Ι.

517 1927 571 1960 De
589 1926 790 1960 illustribus
809 1925 907 1960 Viris
927 1926 1099 1960 Familiae
1119 1937 1202 1960 suae
1258 1926 1318 1960 lib.
1340 1935 1364 1959 1.

517 1984 624 2018 Urbis
643 1983 869 2017 Glascuensis
889 1983 1104 2017 Encomium
1260 1984 1321 2018 lib.
1343 1994 1366 2017 1.

415 2042 571 2076 Docebat
589 2041 755 2075 Lutetiae
773 2052 867 2075 anno
887 2050 1098 2075 MDLxxvr
1151 2041 1288 2075 Eadem
1306 2049 1385 2076 acta
1404 2053 1483 2088 pag.
1505 2051 1650 2077 CLxm.

685 2155 919 2190 JOANNES
947 2155 1301 2191 HAMILTONUS.
1356 2155 1438 2194 674.

367 2274 558 2305 JOANNES
587 2272 817 2306 Hamiltonus
843 2272 1132 2311 Dumblaneusis,
1158 2277 1193 2306 et
1218 2273 1293 2316 ipse
1320 2273 1532 2307 Parisiensis
1558 2274 1596 2306 in
1622 2273 1761 2308 Navar-

369 2341 460 2369 raeo,
480 2329 698 2369 Barbarano,
720 2333 754 2362 et
773 2329 1008 2363 Cardinalitio
1026 2329 1214 2373 professor,
1238 2331 1364 2376 ingens
1390 2330 1507 2375 gentis
1533 2342 1617 2364 suae
1644 2331 1760 2370 decus,

368 2393 470 2431 poeta
490 2387 786 2432 elegantissimus,
805 2391 925 2420 orator
943 2387 1068 2431 priscis
1087 2387 1331 2426 conferendus,
1350 2387 1491 2432 scripsit

514 2444 568 2478 De
587 2443 710 2478 Laude
729 2443 942 2479 Academiae
961 2444 1173 2479 Parisiensis
1256 2444 1316 2478 lib.
1340 2453 1363 2477 1.
