2060 2848
681 316 856 349 GENTIS
881 314 1158 354 SCOTORUM,
1181 315 1272 348 L113.
1294 316 1376 349 xu.
1661 316 1720 349 491

680 466 1006 501 ALEXANDER
1031 466 1235 502 MILLUS.
1288 469 1371 505 930.

335 580 607 615 ALEXANDER
641 581 778 622 Minus,
813 582 1001 616 canonicus
1035 580 1299 616 Dunkeldensis
1334 583 1441 626 paulo
1471 586 1553 616 ante
1583 581 1720 615 Scotiae

335 640 484 682 lapsum,
503 643 538 672 et
556 639 718 673 ecclesiae
735 640 999 678 desolationem,
1019 639 1077 672 vir
1093 639 1217 673 doctus
1244 644 1280 674 et
1306 641 1484 684 eloquens,
1511 643 1546 673 et
1567 639 1603 672 in
1630 638 1720 672 anti-

334 696 472 739 quitate
490 700 648 730 nostrate
667 697 940 736 versatissimus,
958 701 1000 730 ut
1017 707 1061 729 ex
1079 697 1283 741 superstitis
1307 707 1487 742 purpurae
1510 695 1720 742 fragmentis

336 753 474 800 colligo.
526 753 676 798 Scripsit

483 810 538 845 De
568 811 748 845 Ecclesiae
779 811 1041 846 Dunkeldensis
1072 811 1298 846 Successione
1328 816 1363 846 et
1388 811 1576 856 Episcopis
1606 810 1666 844 lib.
1693 821 1718 844 1.

533 868 682 903 Initium
700 869 869 903 historiae
886 876 940 903 est
957 870 1048 903 circa
1066 878 1200 903 annum
1217 869 1365 904 Domini
1384 877 1598 903 Dccxxvn.

385 925 554 960 Florebat
572 937 665 960 anno
685 935 794 960 MD11.

643 1040 936 1075 GREGORIUS
962 1040 1273 1075 MAYBOLIUS-
1329 1040 1413 1079 931.

336 1155 575 1189 GREGORIUS
602 1155 819 1200 Maybolius,
845 1156 1032 1200 presbyter
1056 1167 1121 1190 suo
1145 1167 1232 1190 aevo
1258 1156 1495 1197 doctissimus,
1521 1168 1561 1191 ac
1586 1157 1722 1201 primus

336 1213 534 1257 praefectus
569 1214 607 1247 in
638 1213 843 1258 Mayboille,
878 1213 1001 1247 Jacobi
1037 1213 1213 1247 Kennedii
1245 1214 1315 1247 viri
1349 1213 1580 1248 illustrissimi
1611 1215 1724 1258 capel·

336 1271 450 1310 lanus,
480 1275 522 1304 ut
551 1271 674 1305 charta
703 1270 924 1305 fundationis
955 1271 1112 1316 ejusdem
1147 1271 1214 1304 loci
1248 1270 1415 1315 praefert.
1465 1270 1615 1305 Foederi
1643 1282 1725 1306 cum

338 1328 509 1362 Franciae
543 1339 626 1374 rege
661 1328 788 1362 Carolo
825 1327 891 1362 VI.
926 1328 1165 1362 confirmando
1200 1332 1320 1362 orator
1353 1328 1495 1368 missus,
1532 1327 1724 1363 Gualterus

336 1385 511 1419 Wardlau
544 1384 733 1419 cardinalis
767 1386 862 1419 hunc
897 1384 1110 1431 Gregorium
1143 1385 1297 1431 rogavit,
1332 1386 1438 1419 vellet
1473 1396 1589 1419 comes
1624 1396 1722 1425 esse3

338 1446 373 1476 et
397 1443 436 1475 in
463 1442 624 1476 obeunda
654 1443 830 1488 legatione
855 1447 957 1477 tanta
982 1453 1019 1476 se
1049 1453 1168 1476 rerum
1195 1442 1355 1476 civilium
1383 1443 1573 1486 prudentia
1602 1443 1724 1489 gessit,
1751 1457 1754 1460 >

338 1504 378 1534 ut
404 1499 731 1534 archidiaconatum
757 1499 1008 1534 Glascuensem
1034 1512 1055 1534 a
1082 1500 1252 1533 cardinali
1278 1509 1342 1534 suo
1369 1500 1531 1544 adeptus,
1557 1510 1629 1534 non
1655 1506 1727 1534 ine-

338 1557 447 1591 diocri
474 1557 526 1590 illi
552 1558 660 1591 etiam
686 1558 849 1590 ecclesiae
875 1562 1083 1591 ornamento
1108 1556 1228 1591 fuerit.
1283 1556 1383 1591 Haec
1408 1557 1451 1590 de
1477 1568 1518 1591 eo
1545 1557 1724 1591 Henricus

338 1615 528 1654 Sinclarus,
543 1613 768 1648 Glascuensis
783 1614 979 1658 episcopus.
1012 1614 1141 1648 Felicis
1155 1614 1290 1660 ingenii
1304 1618 1428 1658 partus
1442 1618 1536 1654 sunt,
1550 1625 1593 1649 ex
1607 1615 1722 1648 indice

340 1672 468 1712 Maiae,
487 1672 556 1706 ista
571 1681 580 1705 ι

486 1728 541 1762 De
559 1728 799 1763 Caeremoniis
818 1727 1077 1763 Ecclesiasticis
1276 1729 1336 1763 lib.
1357 1738 1382 1763 1.

485 1786 539 1819 De
557 1785 713 1820 Decimis
1278 1784 1339 1820 lib.
1359 1794 1384 1820 1.

487 1842 542 1877 De
560 1843 750 1876 Pastorum
769 1842 967 1888 Vigilantia
1277 1844 1338 1878 lib.
1358 1852 1383 1877 1.

388 1900 528 1935 Floruit
548 1900 613 1934 sub
631 1899 788 1934 Roberto
807 1899 856 1933 II.
875 1910 968 1934 anno
987 1907 1144 1935 MCDxc.

603 2013 841 2048 ROGERUS
866 2013 935 2049 DE
962 2014 1324 2049 MONTEROSEO.
1375 2018 1456 2054 932.

341 2131 538 2164 Romanos
555 2129 598 2163 de
616 2128 853 2168 Monteroseo,
879 2128 1072 2163 monachus
1095 2129 1349 2170 Cisterciensis,
1375 2130 1554 2175 professus
1579 2132 1618 2167 In
1635 2133 1722 2168 Kin-

340 2189 391 2221 los
418 2187 456 2220 in
484 2183 662 2225 Moravia‚
692 2196 732 2219 ac
762 2185 920 2231 ejusdem
950 2186 1106 2220 coenobii
1132 2187 1240 2231 prior,
1266 2192 1308 2222 ut
1336 2188 1512 2229 existimo,
1538 2191 1723 2231 secundus,

340 2256 423 2280 nam
453 2255 534 2278 cum
565 2243 601 2277 S.
632 2243 826 2277 Anselmus
859 2242 996 2286 primus
1024 2243 1131 2278 abbas
1161 2243 1315 2286 obiisset,
1348 2245 1383 2280 S.
1415 2244 1558 2281 Nervus
1587 2248 1619 2282 ei
1646 2255 1723 2283 'suc-

340 2302 455 2342 cessit,
475 2306 516 2335 ut
542 2301 579 2334 in
606 2299 868 2334 Scotichronico
894 2299 956 2333 lib.
977 2309 1051 2335 nx.
1078 2312 1153 2346 cap.
1177 2309 1275 2335 XXV.
1303 2307 1338 2337 et
1362 2303 1421 2337 hic
1446 2308 1566 2339 noster
1590 2305 1657 2339 sub
1682 2318 1722 2339 eo

340 2359 537 2405 prioratum
568 2357 842 2396 administravit,
871 2362 913 2390 ut
941 2358 1069 2405 colligo
1096 2370 1140 2393 ex
1169 2369 1273 2404 opere
1300 2368 1376 2402 suo,
1404 2361 1472 2402 cui,
1503 2361 1541 2396 in
1566 2361 1721 2397 Deirano

341 2416 466 2457 indice,
486 2415 545 2450 hic
565 2425 678 2460 apex:
