2060 2848
684 306 862 340 GENTIS
885 305 1163 344 SCOTORUM,
1187 306 1276 338 LIB.
1299 306 1343 338 X.
1650 305 1712 337 417

818 455 1077 491 KILIANUS.
1131 459 1154 494 7
1156 455 1213 491 66.

323 575 542 614 K1L1ANUS‚
560 584 582 607 a
597 571 792 607 wilhelmo
814 582 897 617 rege
922 572 968 605 ad
990 572 1193 616 pontificem
1216 583 1297 607 cum
1320 572 1399 607 aliis
1425 571 1554 607 missus
1580 576 1710 611 orator,

324 644 368 667 ex
384 633 510 667 itinere
527 629 730 665 valetudine
747 632 928 663 contracta
943 630 1107 664 substitit
1123 629 1318 670 Bononiae,
1336 630 1483 675 reliquis
1501 630 1540 663 in
1556 629 1711 674 patriam

323 688 564 728 redeuntibus,
595 691 631 721 et
659 687 698 721 in
728 686 850 720 eodem
879 686 1073 721 clarissimo
1100 687 1285 721 literarum
1316 687 1474 732 emporio
1503 688 1711 733 languentes

324 747 449 781 Musas
477 745 620 779 sedulus
650 743 831 783 excitavit,
858 754 898 777 ac
915 743 1009 788 juris
1035 744 1149 778 civilis
1175 745 1368 785 scientiam,
1395 744 1628 778 barbarorum
1657 745 1712 777 in-

324 804 474 839 solentia
490 807 572 847 post
587 801 786 836 Justiniani
803 811 892 845 pene
914 801 1154 845 principatum
1176 812 1248 835 non
1271 802 1386 836 dicam
1409 812 1624 846 oppressam,
1651 803 1712 836 sed

323 866 522 896 emortuam
536 864 572 894 et
584 860 771 904 sepultam,
787 858 831 892 ab
844 857 968 892 inferis
980 858 1162 892 revocavit
1173 869 1183 899 ;
1203 869 1353 903 cumque
1366 859 1462 893 nuda
1475 858 1709 903 philosophia,

324 925 360 953 et
378 918 597 963 eloquentiae
614 916 773 951 studium
790 919 932 950 tantum
949 915 999 950 ibi
1017 915 1165 961 vigeret,
1183 916 1363 960 praeclara
1374 915 1471 950 fama
1486 915 1709 962 [scientiam]

324 977 472 1022 legalem
483 975 619 1019 primus
633 973 671 1007 in
682 972 789 1007 Italia
799 972 914 1016 coepit
924 972 1092 1016 profiteri,
1103 976 1145 1006 ut
1156 977 1326 1007 testatum
1340 973 1478 1006 abunde
1489 973 1710 1017 reliquerunt

324 1033 348 1066 J
350 1043 480 1067 oannes
510 1030 719 1070 Fichardus,
749 1029 774 1063 J
776 1040 905 1064 oannes
933 1028 1100 1073 Baptista
1129 1029 1276 1070 Ziletus,
1306 1029 1462 1064 Joannes
1493 1029 1710 1070 Nevizanus,

325 1089 529 1124 Ludovicus
555 1087 754 1126 Gomesius,
782 1091 818 1121 et
841 1085 1081 1132 WVolfgangus
1108 1086 1357 1131 Freymonius.
1421 1086 1548 1121 Comes
1575 1087 1606 1121 ei
1638 1092 1711 1121 tam

325 1146 496 1192 praeclari
521 1144 688 1179 facinoris
714 1143 884 1184 Irnerius,
912 1153 1017 1188 quem
1043 1144 1129 1189 quia
1153 1143 1287 1178 Italum
1317 1154 1502 1188 perperam
1530 1149 1711 1178 auctorem

326 1204 462 1239 faciunt
487 1202 552 1237 hos
576 1201 687 1236 secuti
717 1200 939 1241 catervatim,
964 1199 1158 1235 Columbus
1184 1201 1346 1241 Fasolus,
1379 1200 1596 1247 Hugolinus,
1623 1201 1711 1236 Bul-

325 1272 444 1308 garuS,
481 1259 662 1294 Martinus
696 1257 936 1297 Placentinus,
970 1257 1137 1298 Joannes,
1172 1262 1279 1303 atque
1312 1258 1365 1292 illi
1400 1259 1544 1303 quidem
1577 1259 1710 1293 sincere

321 1321 382 1365 jus
400 1321 603 1356 tractantes,
621 1320 700 1349 tum
716 1314 891 1355 Accursii,
910 1314 934 1348 J
935 1326 1032 1354 ason,
1050 1314 1231 1355 Bartolus,
1257 1315 1405 1355 Baldus,
1423 1316 1485 1360 qui
1503 1316 1711 1350 venustissi-

326 1387 425 1410 mum
442 1376 561 1420 legum
579 1383 706 1417 corpus
729 1372 941 1406 foedissimis
965 1372 1039 1406 suis
1057 1371 1201 1416 ineptiis
1225 1372 1510 1417 coinquinarunt.
1562 1372 1710 1417 Scripsit

328 1433 493 1468 Kiliauus

473 1488 645 1522 Lecturas
663 1487 701 1520 in
720 1486 915 1520 Pandectas
933 1486 995 1520 lib.
1016 1495 1041 1520 1.
1060 1497 1151 1531 quae
1168 1490 1288 1520 tamen
1306 1487 1499 1531 perierunt.

374 1545 540 1581 Florebat
558 1555 650 1578 anno
670 1552 771 1577 MXc.
816 1542 938 1588 Hujus
955 1543 1053 1577 fama
1070 1543 1114 1577 ab
1132 1553 1213 1577 orco
1231 1548 1405 1584 revocata,
1422 1545 1556 1590 gratias
1574 1544 1711 1579 Scotiae

326 1604 429 1639 debet
446 1602 619 1642 Bononia,
638 1600 755 1635 Scotia
773 1600 872 1634 mihi.

669 1715 692 1749 J
694 1714 892 1750 ACOBUS
917 1714 1229 1750 KENNEDIUS.
1281 1715 1363 1754 767.

327 1834 349 1867 J
352 1841 506 1868 ACOBUS
525 1831 731 1867 Kennedius
755 1830 975 1865 nobilissima
998 1829 1145 1871 familia',
1163 1831 1308 1877 ingenio
1325 1831 1614 1867 eminentissimo.
1643 1833 1710 1867 Po-

327 1891 471 1935 lydorus
496 1889 671 1935 Virgilius
697 1888 759 1922 lib.
787 1896 911 1921 XX111.
939 1887 1077 1922 Histor.
1099 1888 1242 1933 Anglic.
1271 1893 1293 1908 “
1317 1888 1471 1923 Jacobus
1497 1889 1567 1923 111.
1594 1895 1709 1924 aetate

326 1958 414 1991 puer
443 1957 507 1981 rex
536 1951 685 1985 creatur,
716 1945 772 1979 cui
807 1948 1011 1988 praeceptor
1040 1945 1147 1978 datur
1175 1945 1328 1979 Jacobus
1355 1945 1596 1987 Chennethus,
1622 1947 1709 1981 Divi

328 2004 494 2037 Andreae
519 2003 812 2046 archiepiscopus,
836 2002 899 2045 qui
924 2001 988 2035 diu
1014 2000 1085 2035 fuit
1108 2002 1215 2036 etiam
1237 2003 1338 2048 regni
1362 2003 1589 2048 gubernator,
1615 2005 1711 2048 quod

327 2061 383 2094 vir
413 2065 505 2094 esset
530 2060 672 2104 probus,
701 2063 807 2103 atque
834 2058 940 2092 homo
969 2058 1074 2092 rebus
1105 2058 1271 2093 omnibus
1298 2060 1403 2105 longe
1430 2060 1710 2094 ornatissimus.’'

327 2118 378 2153 Et
396 2118 434 2151 in
451 2117 520 2151 fine
538 2117 696 2162 ejusdem
713 2115 816 2149 libri:
837 2119 858 2134 ‘⁶
876 2114 993 2148 Erant
1010 2114 1047 2147 in
1064 2116 1312 2159 procuratione
1329 2116 1602 2161 regni,‘propter
1615 2118 1709 2163 regis

327 2180 488 2214 aetatem,
507 2174 703 2217 complures
720 2172 907 2216 principes,
925 2176 960 2205 et
977 2172 1015 2204 in
1033 2172 1157 2215 primis
1180 2171 1204 2204 J
1206 2172 1334 2206 acobus
1355 2172 1597 2214 Chennethus,
1621 2174 1709 2208 Divi

327 2232 491 2266 Andreae
510 2229 824 2274 archiepiscopus.”
875 2228 1030 2263 Joannes
1057 2228 1241 2262 Ferrerius
1266 2229 1550 2264 Pedemontanus
1572 2231 1610 2264 in
1632 2231 1708 2276 Ap-

328 2289 472 2333 pendice
492 2287 630 2322 Histor.
650 2287 743 2321 Scot.
764 2291 785 2305 ‘⁶
799 2285 916 2319 Erant
933 2290 1017 2319 tunc
1035 2286 1073 2319 in
1090 2286 1171 2319 aula
1188 2285 1336 2326 Scotiae,
1355 2286 1400 2320 ob
1417 2291 1568 2320 aetatem
1586 2288 1640 2321 sui
1655 2299 1710 2322 re-

327 2347 394 2392 gis,
420 2346 458 2378 in
484 2345 584 2390 regni
610 2344 721 2378 totius
747 2342 992 2388 procuratione
1019 2342 1087 2376 viri
1113 2342 1288 2387 principes
1315 2347 1350 2377 et
1376 2343 1531 2378 illustres
1556 2347 1709 2388 permul-

327 2405 366 2443 ti,
385 2413 535 2447 quorum
555 2401 656 2436 facile
681 2401 817 2446 primus
844 2399 1039 2434 habebatur
1063 2399 1216 2436 Jacobus
1244 2398 1464 2441 KennethuS,
1489 2400 1525 2436 S.
1543 2400 1708 2437 Andreae
