2118 2854
722 314 898 348 GENTIS
922 311 1201 350 sommum,
1226 311 1316 344 Lm.
1339 312 1436 344 V111.
1575 301 1578 304 ’
1711 310 1774 341 345

533 410 772 446 Euchiridion
792 409 970 443 Locorum
988 406 1231 441 communium
1467 407 1528 441 lib.
1548 416 1575 441 Ι.

534 468 589 502 De
608 467 721 502 tribus
740 466 844 501 Votis
863 470 897 500 et
916 463 1129 499 obedientia
1147 463 1411 510 Religiosorum
1466 464 1528 499 lib.
1546 474 1572 499 1.

533 525 693 560 Monada
703 527 943 558 sacrosanctae
953 521 1193 567 Evangelicae
1200 520 1403 562 Doctrinae,
1410 527 1534 557 contra
1541 522 1770 559 Franciscum

582 582 815 616 Lambertum
832 580 1119 614 Avenionensem
1137 583 1348 623 apostatam,
1465 580 1526 614 lib.
1547 589 1572 615 1.

536 639 749 673 Methodum
768 637 999 673 concionandi
1469 637 1529 672 lib.
1552 648 1576 672 1.

534 696 716 741 Epistolas
734 696 779 730 ad
798 695 989 730 Minoritas
1472 695 1533 729 lib.
1554 705 1579 729 1.

532 754 803 788 Monotesseron
821 753 1002 787 Passionis
1021 751 1168 787 Domini
1187 750 1313 787 Nostri
1330 751 1355 786 J
1356 762 1419 787 esu
1437 752 1573 788 Christi
1624 754 1684 789 lib.
1706 765 1732 791 1.

533 811 717 856 Optimam
735 811 950 857 Apologiam
1469 810 1530 845 lib.
1551 820 1576 845 1.

533 868 674 904 Veteris
692 868 798 903 Vitae
815 867 1114 902 Emendationem
1471 868 1532 903 lib.
1553 878 1577 902 1.

434 927 538 962 Vixit
557 937 651 961 anno
670 934 807 960 MDLII.

804 1038 1007 1074 SAMSON
1034 1038 1218 1074 HAYUS.
1271 1038 1354 1074 653.

383 1156 553 1191 SAMSON
584 1154 724 1200 Hayus,
752 1154 947 1189 monachus
974 1153 1182 1188 Gulielmita
1209 1153 1371 1195 Parisiis,
1397 1166 1504 1200 quem
1531 1157 1702 1200 ordinem,
1729 1161 1774 1194 ab

383 1213 523 1254 habitu,
542 1210 646 1247 Alba
657 1209 779 1259 pallia
795 1216 935 1252 vocant,
956 1222 1037 1245 cum
1055 1222 1099 1245 ex
1117 1211 1236 1246 Scotia
1254 1212 1455 1247 studiorum
1474 1224 1559 1260 ergo
1577 1226 1618 1249 eo
1636 1227 1673 1250 se
1692 1228 1773 1251 con-

383 1271 536 1312 tulisset,
555 1271 721 1316 religioso
739 1274 824 1304 voto
843 1281 880 1304 se
898 1269 1024 1304 lubens
1041 1269 1246 1310 obstrinxit,
1271 1274 1307 1304 et
1324 1280 1455 1316 magna
1472 1271 1694 1314 eruditionis,
1711 1285 1775 1308 nec

386 1329 522 1363 minore
539 1328 682 1373 pietatis
700 1327 797 1361 fama
814 1326 948 1361 floruit.
1001 1325 1151 1371 Scripsit
1169 1337 1254 1361 vero

535 1385 753 1431 Theologiae
773 1384 1010 1418 Scholasticae
1028 1383 1163 1418 Theses
1455 1386 1515 1421 lib.
1537 1397 1561 1421 1.

534 1442 745 1477 Sorbonicas
763 1441 1015 1477 Conclusiones
1456 1444 1517 1479 lib.
1537 1453 1562 1478 1.

532 1500 588 1534 De
606 1500 741 1534 Ordine
759 1510 824 1534 suo
1453 1501 1513 1536 lib.
1534 1511 1559 1536 1.
1578 1504 1673 1548 quod
1687 1515 1775 1549 opus

585 1557 755 1591 laudatur
772 1568 794 1591 a
810 1556 834 1590 J
836 1567 949 1591 oanne
968 1555 1138 1600 Marques
1156 1555 1426 1603 Augustiniano
1451 1569 1527 1603 cap.
1542 1560 1589 1604 ¹de
1605 1559 1776 1607 Antiqui-

584 1619 651 1649 tat.
671 1614 798 1649 Ordin.
818 1614 874 1648 sui
893 1612 910 1661 §
930 1622 987 1647 XI.
1038 1612 1121 1660 Ego
1138 1625 1222 1648 sane
1239 1625 1312 1649 non
1328 1615 1415 1649 vidi.

434 1672 589 1708 Vivebat
607 1683 700 1706 anno
720 1680 841 1705 MDIV.
865 1675 907 1705 ut
931 1671 1056 1705 aiunt:
1083 1671 1113 1705 si
1135 1671 1186 1705 ita
1209 1676 1272 1712 est,
1300 1683 1385 1718 ergo
1410 1673 1469 1707 ille
1494 1674 1580 1709 ordo
1602 1675 1641 1709 in
1659 1675 1776 1711 Scotia

385 1732 509 1771 fuerit,
527 1741 609 1765 nam
628 1730 687 1764 hic
703 1730 741 1763 in
758 1729 876 1774 patria
895 1728 1108 1763 monachum
1125 1728 1302 1763 induerat.

695 1843 912 1878 THOMAS
939 1842 1331 1879 HENDERSONUS.
1385 1844 1468 1880 654.

385 1962 563 1996 THOMAS
583 1959 850 1999 Hendersonus,
864 1958 899 1993 J.
915 1958 954 1994 C.
970 1960 1025 1994 sui
1044 1959 1122 1994 aevi
1137 1960 1364 2002 clarissimus,
1380 1959 1678 2008 Edimburgensis
1694 1975 1775 2008 pro-

384 2024 538 2064 praetor,
557 2028 698 2052 morum
723 2017 900 2063 elegantia
924 2017 1146 2062 conspicuus,
1170 2018 1323 2063 scripsit,
1342 2023 1382 2052 ut
1400 2023 1454 2052 est
1471 2020 1610 2053 amoeni
1627 2020 1773 2066 ingenii,

385 2077 552 2120 plurima,
571 2075 632 2109 sed
652 2085 718 2120 ego
735 2079 877 2109 tantum
896 2074 970 2107 vidi

535 2132 645 2167 Gesta
662 2132 718 2166 sui
737 2131 852 2166 Seculi
1457 2132 1518 2167 lib.
1539 2141 1563 2166 1.

435 2190 539 2225 Vivit
557 2189 673 2224 adhuc
690 2190 728 2223 in
745 2189 872 2233 patria.

938 2286 1092 2322 HUGO.
1145 2286 1228 2322 655.

390 2363 524 2403 HUGO‚
575 2362 759 2407 episcopus
810 2361 931 2396 Sancti
973 2361 1150 2402 Andreae,
1201 2363 1319 2397 sedem
1369 2363 1466 2397 illam
1515 2364 1690 2410 abjurare,
1741 2369 1776 2398 et

387 2419 677 2454 Dunkeldensem
731 2420 886 2454 transire
937 2424 1077 2454 coactus
1132 2431 1153 2454 a
1209 2419 1385 2456 Rollondo
1441 2421 1587 2457 Dolensi
1639 2422 1776 2456 antisti-
