2060 2848
649 269 825 303 GENTIS
850 268 1126 308 SCOTORUM,
1151 268 1240 301 LIB.
1266 268 1398 301 XVIII.
1650 268 1709 299 611

328 365 426 399 venit
443 367 664 409 potestatem,
691 363 739 398 ad
756 373 845 408 quos
862 362 1075 397 hereditario
1087 362 1170 408 jure
1195 362 1379 408 sanguinis
1405 361 1595 406 spectabat,
1621 362 1711 395 alius

328 433 350 455 a
366 421 402 455 S.
421 420 597 460 Tervano,
615 420 731 465 primo
752 420 874 464 populi
898 419 993 453 illius
1019 420 1188 463 apostolo,
1214 419 1257 452 de
1283 429 1354 462 quo
1379 418 1445 452 hoc
1469 417 1560 452 libro
1585 416 1709 451 fusius.

328 477 477 522 Scripsit

476 533 548 568 Pro
565 532 774 573 Concordia,
792 533 838 567 ad
855 532 983 578 Reges,
1260 532 1321 566 lib.
1342 540 1366 565 1.

377 590 532 626 Vivebat
549 602 642 625 anno
662 599 777 625 Dece.
796 595 858 625 aut
876 590 1034 623 circiter:
1059 589 1232 623 exstincta
1246 588 1429 623 Pictorum
1447 592 1551 634 gente
1568 588 1711 622 domum

327 648 443 688 rediit,
473 653 509 682 et
539 648 791 682 miraculorum
820 647 935 694 gloria
961 646 1126 680 coelestes
1161 646 1310 680 honores
1349 651 1384 680 et
1417 646 1549 689 templa
1583 645 1713 689 ubique

327 705 428 751 regni
446 704 652 749 promeruit.
705 704 832 739 Cultus
850 703 906 738 die
928 711 953 736 1.
971 702 994 736 J
997 703 1072 737 ulii.
1125 702 1351 737 Breviarium
1369 701 1556 737 Scoticum.

697 818 733 852 S.
761 817 982 852 THENNA
1008 815 1180 852 VIDUA.
1234 818 1339 853 1117.

330 934 365 968 S.
385 933 572 967 THENNA
582 932 823 972 Glascuensis,
842 933 962 972 vidua,
980 935 1094 966 mater
1107 930 1142 965 S.
1157 930 1381 976 Kentigerni,
1395 930 1625 965 sanctissimis
1640 942 1713 965 mo-

328 991 427 1025 ribus
445 994 648 1024 sanctorum
666 990 883 1024 consortium
901 989 1039 1028 merita,
1057 988 1185 1022 claruit
1206 998 1298 1021 anno
1322 995 1520 1021 CCCCXLV.
1575 987 1713 1022 Colitur

329 1047 503 1092 religiose,
525 1047 667 1091 templis
691 1051 729 1080 et
754 1046 825 1080 aris
851 1046 882 1080 ei
909 1045 1078 1080 dedicatis
1103 1044 1234 1089 ubique
1260 1044 1372 1090 regni,
1397 1044 1454 1078 die
1471 1053 1590 1078 xvnl.
1611 1044 1711 1079 Julii.

329 1103 554 1137 Breviarium
573 1102 762 1138 Scoticum.

738 1217 774 1250 S.
801 1215 1065 1251 TARKINUS
1090 1216 1136 1249 E.
1192 1218 1296 1249 1118.

327 1333 365 1367 S.
384 1332 613 1372 TARKINUS,
631 1332 827 1376 episcopus,
847 1336 887 1365 ut
905 1331 1081 1370 existimo,
1100 1330 1318 1370 Sodorensis‚
1345 1329 1529 1364 Soluathio
1546 1330 1621 1375 regi
1641 1330 1712 1374 pie-

328 1394 402 1424 tate
419 1394 455 1424 et
471 1400 612 1423 morum
630 1389 848 1423 continentia
865 1387 1091 1434 gratissimus
1108 1386 1189 1421 fuit.
1242 1386 1390 1431 Scripsit

453 1446 633 1480 Historias
647 1446 899 1479 nonnullorum
912 1444 973 1478 SS.
993 1444 1053 1478 lib.
1070 1453 1095 1478 1.
1146 1443 1309 1478 Canones
1323 1442 1586 1477 Ecclesiasticus
1606 1443 1665 1477 lib.
1688 1453 1711 1477 1.

450 1502 505 1536 De
522 1501 624 1536 Scala
641 1502 764 1536 Jacobi
783 1502 846 1536 lib.
865 1511 891 1536 Ι.
994 1501 1192 1536 Historiam
1211 1499 1388 1535 Ecclesiae
1406 1500 1588 1535 Pictorum
1607 1501 1665 1535 lib.
1687 1510 1711 1533 1.

450 1560 505 1594 De
530 1559 566 1593 S.
590 1558 770 1603 Stephano
798 1559 960 1603 Martyre
990 1559 1050 1593 lib.
1075 1568 1099 1593 1.
1156 1558 1324 1592 Carmina
1350 1557 1456 1591 Sacra
1481 1557 1541 1591 lib.
1571 1567 1595 1591 1.
1622 1568 1712 1602 quae

500 1617 619 1651 omnia
636 1616 681 1650 ab
705 1616 890 1650 haereticis
914 1621 1123 1661 consumpta
1145 1615 1297 1650 flammis
1323 1614 1520 1659 periissent,
1548 1615 1615 1648 nisi
1643 1615 1710 1648 viri

498 1673 549 1717 pii
567 1673 773 1707 memoriam
791 1673 882 1706 tanti
901 1672 969 1707 viri
988 1674 1134 1707 sollicite
1151 1675 1425 1707 conservassent.

379 1730 521 1764 Floruit
528 1740 624 1764 anno
639 1737 923 1763 DCCCLXXXIX.
951 1729 1090 1764 Colitur
1103 1730 1159 1764 die
1173 1737 1275 1763 xxx.
1291 1728 1464 1763 Octobris.
1486 1728 1711 1762 Breviarium

331 1787 519 1821 Scoticum.
539 1785 582 1819 In
594 1785 756 1819 Lismore
767 1785 966 1828 requiescit.
985 1785 1176 1832 Catalogus
1188 1785 1448 1819 Dunkeldensis
1460 1784 1711 1819 Bibliothecae.

746 1900 781 1932 S.
810 1897 1074 1932 TERGUSUS
1100 1898 1144 1932 Ε.
1199 1899 1303 1936 1119.

331 2015 366 2048 S.
395 2014 622 2054 TERGUSUS,
649 2024 693 2047 ex
716 2014 930 2047 Culdeorum
957 2013 1177 2047 sanctissimo
1203 2011 1324 2045 ordine
1355 2013 1484 2045 electus
1515 2012 1708 2056 episcopus,

330 2083 395 2116 pro
424 2082 521 2106 more
549 2071 645 2105 illius
673 2071 791 2109 seculi,
820 2070 909 2103 mira
939 2069 1156 2103 continentia
1188 2069 1357 2112 populum
1386 2068 1453 2102 sibi
1483 2068 1709 2102 commissum

332 2129 433 2163 rexit.
485 2127 633 2172 Scripsit

479 2185 656 2219 Homilias
674 2195 717 2218 ex
736 2184 841 2217 Sacra
859 2183 1042 2227 Scriptura
1263 2182 1322 2216 lib.
1343 2192 1368 2215 Ι.

382 2242 485 2277 Vixit
502 2253 595 2276 anno
614 2249 679 2274 Dv.
733 2241 871 2274 Colitur
889 2240 1019 2284 ubique
1036 2241 1147 2285 regni,
1174 2240 1234 2273 sed
1261 2239 1444 2283 praecipue
1468 2240 1504 2272 in
1529 2239 1612 2272 villa
1638 2238 1711 2272 Fif-

338 2299 413 2334 ensi
440 2298 630 2337 Glammes
657 2297 886 2332 illustrissimi
913 2297 1051 2331 comitis
1078 2296 1296 2342 Kingorniae
1321 2297 1544 2339 patrimonio.
1601 2295 1710 2329 Reco-
