<?xml version="1.0" encoding="UTF-8"?>
<!DOCTYPE html PUBLIC "-//W3C//DTD XHTML 1.0 Transitional//EN"
    "http://www.w3.org/TR/xhtml1/DTD/xhtml1-transitional.dtd">
<html xmlns="http://www.w3.org/1999/xhtml" xml:lang="en" lang="en">
 <head>
  <title>
</title>
<meta http-equiv="Content-Type" content="text/html;charset=utf-8" />
  <meta name='ocr-system' content='tesseract 3.04.00' />
  <meta name='ocr-capabilities' content='ocr_page ocr_carea ocr_par ocr_line ocrx_word'/>
</head>
<body>
  <div class='ocr_page' id='page_1' title='image "./thomaedempster2102dempuoft_0209.png"; bbox 0 0 2060 2848; ppageno 0'>
   <div class='ocr_carea' id='block_1_1' title="bbox 687 319 1724 359">
    <p class='ocr_par' dir='ltr' id='par_1_1' title="bbox 687 319 1724 359">
     <span class='ocr_line' id='line_1_1' title="bbox 687 319 1724 359; baseline 0.002 -7"><span class='ocrx_word' id='word_1_1' title='bbox 687 320 863 353; x_wconf 85' lang='lat' dir='ltr'><strong>GENTIS</strong></span> <span class='ocrx_word' id='word_1_2' title='bbox 887 319 1165 359; x_wconf 84' lang='lat' dir='ltr'>SCOTORUM,</span> <span class='ocrx_word' id='word_1_3' title='bbox 1188 321 1280 354; x_wconf 82' lang='lat' dir='ltr'><strong>LIB.</strong></span> <span class='ocrx_word' id='word_1_4' title='bbox 1304 321 1382 354; x_wconf 90' lang='lat' dir='ltr'>XV.</span> <span class='ocrx_word' id='word_1_5' title='bbox 1662 323 1724 356; x_wconf 76' lang='grc'>581</span> 
     </span>
    </p>
   </div>
   <div class='ocr_carea' id='block_1_2' title="bbox 343 413 1735 1371">
    <p class='ocr_par' dir='ltr' id='par_1_2' title="bbox 343 413 1731 913">
     <span class='ocr_line' id='line_1_2' title="bbox 346 413 1727 455; baseline -0.001 -2"><span class='ocrx_word' id='word_1_6' title='bbox 346 418 472 453; x_wconf 87' lang='lat' dir='ltr'>seculis</span> <span class='ocrx_word' id='word_1_7' title='bbox 489 413 721 449; x_wconf 84' lang='lat' dir='ltr'>caerimoniae</span> <span class='ocrx_word' id='word_1_8' title='bbox 738 413 913 447; x_wconf 84' lang='lat' dir='ltr'>referendi</span> <span class='ocrx_word' id='word_1_9' title='bbox 938 414 978 447; x_wconf 91' lang='lat' dir='ltr'>in</span> <span class='ocrx_word' id='word_1_10' title='bbox 1003 418 1152 454; x_wconf 87' lang='lat' dir='ltr'>sanctos,</span> <span class='ocrx_word' id='word_1_11' title='bbox 1176 424 1240 448; x_wconf 88' lang='lat' dir='ltr'>seu</span> <span class='ocrx_word' id='word_1_12' title='bbox 1264 414 1552 455; x_wconf 83' lang='lat' dir='ltr'>canonizationis,</span> <span class='ocrx_word' id='word_1_13' title='bbox 1577 416 1649 450; x_wconf 88' lang='lat' dir='ltr'>sint</span> <span class='ocrx_word' id='word_1_14' title='bbox 1674 417 1727 451; x_wconf 93' lang='lat' dir='ltr'>in-</span> 
     </span>
     <span class='ocr_line' id='line_1_3' title="bbox 346 469 1728 512; baseline -0.001 -4"><span class='ocrx_word' id='word_1_15' title='bbox 346 474 539 512; x_wconf 86' lang='lat' dir='ltr'>troductae,</span> <span class='ocrx_word' id='word_1_16' title='bbox 557 475 600 505; x_wconf 88' lang='lat' dir='ltr'>ut</span> <span class='ocrx_word' id='word_1_17' title='bbox 616 469 763 504; x_wconf 88' lang='lat' dir='ltr'>memini</span> <span class='ocrx_word' id='word_1_18' title='bbox 779 480 837 504; x_wconf 86' lang='lat' dir='ltr'>me</span> <span class='ocrx_word' id='word_1_19' title='bbox 853 469 891 503; x_wconf 90' lang='lat' dir='ltr'>in</span> <span class='ocrx_word' id='word_1_20' title='bbox 910 469 1073 504; x_wconf 87' lang='lat' dir='ltr'>Historia</span> <span class='ocrx_word' id='word_1_21' title='bbox 1089 470 1342 505; x_wconf 81' lang='lat' dir='ltr'>Ecclesiastica</span> <span class='ocrx_word' id='word_1_22' title='bbox 1362 471 1559 506; x_wconf 82' lang='lat' dir='ltr'>observare.</span> <span class='ocrx_word' id='word_1_23' title='bbox 1593 472 1728 507; x_wconf 84' lang='lat' dir='ltr'>Utcun-</span> 
     </span>
     <span class='ocr_line' id='line_1_4' title="bbox 343 526 1728 574; baseline 0.001 -11"><span class='ocrx_word' id='word_1_24' title='bbox 343 541 413 574; x_wconf 90' lang='lat' dir='ltr'>que</span> <span class='ocrx_word' id='word_1_25' title='bbox 430 530 490 562; x_wconf 87' lang='lat' dir='ltr'>illa</span> <span class='ocrx_word' id='word_1_26' title='bbox 508 528 584 562; x_wconf 86' lang='lat' dir='ltr'>vita</span> <span class='ocrx_word' id='word_1_27' title='bbox 600 527 645 561; x_wconf 89' lang='lat' dir='ltr'>ab</span> <span class='ocrx_word' id='word_1_28' title='bbox 662 526 827 571; x_wconf 88' lang='lat' dir='ltr'>imperito</span> <span class='ocrx_word' id='word_1_29' title='bbox 844 526 894 560; x_wconf 89' lang='lat' dir='ltr'>sic</span> <span class='ocrx_word' id='word_1_30' title='bbox 918 526 1062 570; x_wconf 84' lang='lat' dir='ltr'>scripta,</span> <span class='ocrx_word' id='word_1_31' title='bbox 1088 531 1228 561; x_wconf 85' lang='lat' dir='ltr'>constat</span> <span class='ocrx_word' id='word_1_32' title='bbox 1252 531 1372 561; x_wconf 85' lang='lat' dir='ltr'>tamen</span> <span class='ocrx_word' id='word_1_33' title='bbox 1389 538 1538 574; x_wconf 86' lang='lat' dir='ltr'>magnae</span> <span class='ocrx_word' id='word_1_34' title='bbox 1563 530 1728 564; x_wconf 84' lang='lat' dir='ltr'>sanctita-</span> 
     </span>
     <span class='ocr_line' id='line_1_5' title="bbox 344 583 1727 632; baseline 0 -12"><span class='ocrx_word' id='word_1_35' title='bbox 344 586 391 620; x_wconf 87' lang='lat' dir='ltr'>tis</span> <span class='ocrx_word' id='word_1_36' title='bbox 422 586 539 619; x_wconf 90' lang='lat' dir='ltr'>virum</span> <span class='ocrx_word' id='word_1_37' title='bbox 557 583 677 623; x_wconf 88' lang='lat' dir='ltr'>fuisse,</span> <span class='ocrx_word' id='word_1_38' title='bbox 703 587 739 617; x_wconf 86' lang='lat' dir='ltr'>et</span> <span class='ocrx_word' id='word_1_39' title='bbox 760 583 839 627; x_wconf 87' lang='lat' dir='ltr'>piae</span> <span class='ocrx_word' id='word_1_40' title='bbox 865 583 961 617; x_wconf 80' lang='lat' dir='ltr'>vitae</span> <span class='ocrx_word' id='word_1_41' title='bbox 986 583 1206 617; x_wconf 85' lang='lat' dir='ltr'>anachoretis</span> <span class='ocrx_word' id='word_1_42' title='bbox 1231 584 1376 618; x_wconf 81' lang='lat' dir='ltr'>unicum</span> <span class='ocrx_word' id='word_1_43' title='bbox 1401 586 1602 629; x_wconf 84' lang='lat' dir='ltr'>exemplar:</span> <span class='ocrx_word' id='word_1_44' title='bbox 1626 587 1727 632; x_wconf 87' lang='lat' dir='ltr'>cujus</span> 
     </span>
     <span class='ocr_line' id='line_1_6' title="bbox 346 640 1728 687; baseline 0 -11"><span class='ocrx_word' id='word_1_45' title='bbox 346 643 549 687; x_wconf 88' lang='lat' dir='ltr'>sepulturae</span> <span class='ocrx_word' id='word_1_46' title='bbox 566 641 769 681; x_wconf 85' lang='lat' dir='ltr'>adfuerunt,</span> <span class='ocrx_word' id='word_1_47' title='bbox 788 644 831 674; x_wconf 84' lang='lat' dir='ltr'>ut</span> <span class='ocrx_word' id='word_1_48' title='bbox 847 640 941 674; x_wconf 92' lang='lat' dir='ltr'>idem</span> <span class='ocrx_word' id='word_1_49' title='bbox 958 640 1018 674; x_wconf 88' lang='lat' dir='ltr'>ille</span> <span class='ocrx_word' id='word_1_50' title='bbox 1035 645 1158 674; x_wconf 80' lang='lat' dir='ltr'>auctor</span> <span class='ocrx_word' id='word_1_51' title='bbox 1174 640 1341 686; x_wconf 85' lang='lat' dir='ltr'>ignobilis</span> <span class='ocrx_word' id='word_1_52' title='bbox 1358 641 1478 681; x_wconf 85' lang='lat' dir='ltr'>tradit,</span> <span class='ocrx_word' id='word_1_53' title='bbox 1497 641 1728 676; x_wconf 89' lang='lat' dir='ltr'>Geminianus</span> 
     </span>
     <span class='ocr_line' id='line_1_7' title="bbox 345 696 1729 742; baseline 0.001 -9"><span class='ocrx_word' id='word_1_54' title='bbox 345 699 562 733; x_wconf 86' lang='lat' dir='ltr'>Mutinensis</span> <span class='ocrx_word' id='word_1_55' title='bbox 592 698 786 742; x_wconf 88' lang='lat' dir='ltr'>episcopus,</span> <span class='ocrx_word' id='word_1_56' title='bbox 819 701 854 731; x_wconf 85' lang='lat' dir='ltr'>et</span> <span class='ocrx_word' id='word_1_57' title='bbox 881 696 1033 731; x_wconf 85' lang='lat' dir='ltr'>Alexius</span> <span class='ocrx_word' id='word_1_58' title='bbox 1064 697 1216 731; x_wconf 86' lang='lat' dir='ltr'>Pisanus</span> <span class='ocrx_word' id='word_1_59' title='bbox 1242 697 1435 742; x_wconf 90' lang='lat' dir='ltr'>episcopus,</span> <span class='ocrx_word' id='word_1_60' title='bbox 1462 709 1543 732; x_wconf 92' lang='lat' dir='ltr'>cum</span> <span class='ocrx_word' id='word_1_61' title='bbox 1568 699 1729 734; x_wconf 91' lang='lat' dir='ltr'>omnibus</span> 
     </span>
     <span class='ocr_line' id='line_1_8' title="bbox 344 753 1730 800; baseline 0 -10"><span class='ocrx_word' id='word_1_62' title='bbox 344 756 424 790; x_wconf 90' lang='lat' dir='ltr'>aliis</span> <span class='ocrx_word' id='word_1_63' title='bbox 453 754 646 789; x_wconf 88' lang='lat' dir='ltr'>Hetruriae</span> <span class='ocrx_word' id='word_1_64' title='bbox 675 754 848 798; x_wconf 89' lang='lat' dir='ltr'>episcopis</span> <span class='ocrx_word' id='word_1_65' title='bbox 878 758 913 788; x_wconf 86' lang='lat' dir='ltr'>et</span> <span class='ocrx_word' id='word_1_66' title='bbox 939 754 1041 794; x_wconf 86' lang='lat' dir='ltr'>clero,</span> <span class='ocrx_word' id='word_1_67' title='bbox 1064 753 1100 788; x_wconf 91' lang='lat' dir='ltr'>S.</span> <span class='ocrx_word' id='word_1_68' title='bbox 1127 753 1316 788; x_wconf 86' lang='lat' dir='ltr'>Severinus</span> <span class='ocrx_word' id='word_1_69' title='bbox 1342 754 1535 789; x_wconf 86' lang='lat' dir='ltr'>Ravennae</span> <span class='ocrx_word' id='word_1_70' title='bbox 1561 756 1730 800; x_wconf 87' lang='lat' dir='ltr'>archiepi-</span> 
     </span>
     <span class='ocr_line' id='line_1_9' title="bbox 346 810 1731 857; baseline -0.001 -10"><span class='ocrx_word' id='word_1_71' title='bbox 346 823 483 856; x_wconf 76' lang='lat' dir='ltr'>scopuS,</span> <span class='ocrx_word' id='word_1_72' title='bbox 501 822 582 846; x_wconf 91' lang='lat' dir='ltr'>cum</span> <span class='ocrx_word' id='word_1_73' title='bbox 604 810 739 845; x_wconf 88' lang='lat' dir='ltr'>Galliae</span> <span class='ocrx_word' id='word_1_74' title='bbox 758 810 959 855; x_wconf 86' lang='lat' dir='ltr'>Cisalpinae</span> <span class='ocrx_word' id='word_1_75' title='bbox 976 811 1139 845; x_wconf 87' lang='lat' dir='ltr'>omnibus</span> <span class='ocrx_word' id='word_1_76' title='bbox 1157 811 1390 855; x_wconf 85' lang='lat' dir='ltr'>praesulibus,</span> <span class='ocrx_word' id='word_1_77' title='bbox 1416 822 1564 846; x_wconf 91' lang='lat' dir='ltr'>numero</span> <span class='ocrx_word' id='word_1_78' title='bbox 1589 812 1731 857; x_wconf 90' lang='lat' dir='ltr'>quidem</span> 
     </span>
     <span class='ocr_line' id='line_1_10' title="bbox 348 868 684 913; baseline -0.006 -10"><span class='ocrx_word' id='word_1_79' title='bbox 348 877 482 903; x_wconf 84' lang='lat' dir='ltr'>xxvn.</span> <span class='ocrx_word' id='word_1_80' title='bbox 534 868 684 913; x_wconf 87' lang='lat' dir='ltr'>Scripsit</span> 
     </span>
    </p>

    <p class='ocr_par' dir='ltr' id='par_1_3' title="bbox 494 924 1438 965">
     <span class='ocr_line' id='line_1_11' title="bbox 494 924 1438 965; baseline -0.001 -6"><span class='ocrx_word' id='word_1_81' title='bbox 494 925 694 965; x_wconf 86' lang='lat' dir='ltr'>Orationes,</span> <span class='ocrx_word' id='word_1_82' title='bbox 712 929 748 959; x_wconf 86' lang='lat' dir='ltr'>et</span> <span class='ocrx_word' id='word_1_83' title='bbox 765 925 890 960; x_wconf 89' lang='lat' dir='ltr'>orandi</span> <span class='ocrx_word' id='word_1_84' title='bbox 908 924 1068 964; x_wconf 88' lang='lat' dir='ltr'>Modum,</span> <span class='ocrx_word' id='word_1_85' title='bbox 1331 924 1392 959; x_wconf 89' lang='lat' dir='ltr'>lib.</span> <span class='ocrx_word' id='word_1_86' title='bbox 1412 933 1438 959; x_wconf 91' lang='lat'>1.</span> 
     </span>
    </p>

    <p class='ocr_par' dir='ltr' id='par_1_4' title="bbox 496 981 1734 1130">
     <span class='ocr_line' id='line_1_12' title="bbox 496 981 1734 1028; baseline 0.002 -12"><span class='ocrx_word' id='word_1_87' title='bbox 496 982 749 1016; x_wconf 87' lang='lat' dir='ltr'>Meditationes</span> <span class='ocrx_word' id='word_1_88' title='bbox 1331 981 1392 1016; x_wconf 88' lang='lat' dir='ltr'>lib.</span> <span class='ocrx_word' id='word_1_89' title='bbox 1412 990 1438 1016; x_wconf 91' lang='lat'>1.</span> <span class='ocrx_word' id='word_1_90' title='bbox 1450 992 1538 1027; x_wconf 87' lang='lat' dir='ltr'>quas</span> <span class='ocrx_word' id='word_1_91' title='bbox 1549 982 1734 1028; x_wconf 88' lang='lat' dir='ltr'>dicuntip-</span> 
     </span>
     <span class='ocr_line' id='line_1_13' title="bbox 542 1037 1734 1082; baseline 0.001 -9"><span class='ocrx_word' id='word_1_92' title='bbox 542 1040 616 1074; x_wconf 88' lang='lat' dir='ltr'>sius</span> <span class='ocrx_word' id='word_1_93' title='bbox 642 1049 751 1073; x_wconf 90' lang='lat' dir='ltr'>manu</span> <span class='ocrx_word' id='word_1_94' title='bbox 776 1037 965 1073; x_wconf 86' lang='lat' dir='ltr'>corticibus</span> <span class='ocrx_word' id='word_1_95' title='bbox 989 1037 1156 1072; x_wconf 86' lang='lat' dir='ltr'>arborum</span> <span class='ocrx_word' id='word_1_96' title='bbox 1179 1037 1380 1082; x_wconf 83' lang='lat' dir='ltr'>inscriptas,</span> <span class='ocrx_word' id='word_1_97' title='bbox 1409 1039 1604 1073; x_wconf 85' lang='lat' dir='ltr'>etiamnum</span> <span class='ocrx_word' id='word_1_98' title='bbox 1629 1040 1734 1075; x_wconf 89' lang='lat' dir='ltr'>hodie</span> 
     </span>
     <span class='ocr_line' id='line_1_14' title="bbox 545 1096 733 1130; baseline -0.005 0"><span class='ocrx_word' id='word_1_99' title='bbox 545 1096 733 1130; x_wconf 82' lang='lat' dir='ltr'>asservari.</span> 
     </span>
    </p>

    <p class='ocr_par' dir='ltr' id='par_1_5' title="bbox 348 1150 1735 1371">
     <span class='ocr_line' id='line_1_15' title="bbox 396 1150 1735 1197; baseline 0 -8"><span class='ocrx_word' id='word_1_100' title='bbox 396 1154 497 1189; x_wconf 90' lang='lat' dir='ltr'>Obiit</span> <span class='ocrx_word' id='word_1_101' title='bbox 515 1163 608 1187; x_wconf 88' lang='lat' dir='ltr'>anno</span> <span class='ocrx_word' id='word_1_102' title='bbox 625 1160 841 1187; x_wconf 78' lang='lat' dir='ltr'>ccchxrv.</span> <span class='ocrx_word' id='word_1_103' title='bbox 868 1162 939 1197; x_wconf 92' lang='lat' dir='ltr'>quo</span> <span class='ocrx_word' id='word_1_104' title='bbox 962 1150 1070 1186; x_wconf 87' lang='lat' dir='ltr'>etiam</span> <span class='ocrx_word' id='word_1_105' title='bbox 1094 1151 1132 1185; x_wconf 92' lang='lat' dir='ltr'>in</span> <span class='ocrx_word' id='word_1_106' title='bbox 1157 1155 1361 1185; x_wconf 84' lang='lat' dir='ltr'>sanctorum</span> <span class='ocrx_word' id='word_1_107' title='bbox 1386 1152 1505 1186; x_wconf 88' lang='lat' dir='ltr'>album</span> <span class='ocrx_word' id='word_1_108' title='bbox 1531 1153 1674 1193; x_wconf 85' lang='lat' dir='ltr'>relatus,</span> <span class='ocrx_word' id='word_1_109' title='bbox 1699 1160 1735 1189; x_wconf 89' lang='lat' dir='ltr'>et</span> 
     </span>
     <span class='ocr_line' id='line_1_16' title="bbox 348 1207 1733 1256; baseline -0.001 -10"><span class='ocrx_word' id='word_1_110' title='bbox 348 1212 521 1256; x_wconf 84' lang='lat' dir='ltr'>templum</span> <span class='ocrx_word' id='word_1_111' title='bbox 539 1210 570 1244; x_wconf 92' lang='lat' dir='ltr'>ei</span> <span class='ocrx_word' id='word_1_112' title='bbox 588 1210 788 1244; x_wconf 86' lang='lat' dir='ltr'>dedicatum</span> <span class='ocrx_word' id='word_1_113' title='bbox 808 1209 866 1243; x_wconf 84' lang='lat' dir='ltr'>die</span> <span class='ocrx_word' id='word_1_114' title='bbox 890 1217 915 1242; x_wconf 91' lang='lat'>1.</span> <span class='ocrx_word' id='word_1_115' title='bbox 940 1207 1111 1255; x_wconf 86' lang='lat' dir='ltr'>Augusti,</span> <span class='ocrx_word' id='word_1_116' title='bbox 1129 1219 1201 1253; x_wconf 87' lang='lat' dir='ltr'>quo</span> <span class='ocrx_word' id='word_1_117' title='bbox 1218 1207 1470 1250; x_wconf 89' lang='lat' dir='ltr'>Bononienses,</span> <span class='ocrx_word' id='word_1_118' title='bbox 1499 1209 1733 1251; x_wconf 85' lang='lat' dir='ltr'>Mutinenses,</span> 
     </span>
     <span class='ocr_line' id='line_1_17' title="bbox 349 1265 1735 1311; baseline -0.001 -8"><span class='ocrx_word' id='word_1_119' title='bbox 349 1268 538 1308; x_wconf 87' lang='lat' dir='ltr'>Lucenses,</span> <span class='ocrx_word' id='word_1_120' title='bbox 562 1267 693 1311; x_wconf 87' lang='lat' dir='ltr'>aliique</span> <span class='ocrx_word' id='word_1_121' title='bbox 717 1265 844 1300; x_wconf 86' lang='lat' dir='ltr'>Italiae</span> <span class='ocrx_word' id='word_1_122' title='bbox 866 1265 999 1310; x_wconf 87' lang='lat' dir='ltr'>populi,</span> <span class='ocrx_word' id='word_1_123' title='bbox 1026 1265 1393 1300; x_wconf 87' lang='lat' dir='ltr'>commemorationem</span> <span class='ocrx_word' id='word_1_124' title='bbox 1420 1266 1532 1311; x_wconf 90' lang='lat' dir='ltr'>ipsius</span> <span class='ocrx_word' id='word_1_125' title='bbox 1558 1267 1735 1302; x_wconf 89' lang='lat' dir='ltr'>solennem</span> 
     </span>
     <span class='ocr_line' id='line_1_18' title="bbox 349 1322 1029 1371; baseline -0.003 -13"><span class='ocrx_word' id='word_1_126' title='bbox 349 1332 472 1371; x_wconf 87' lang='lat' dir='ltr'>agunt,</span> <span class='ocrx_word' id='word_1_127' title='bbox 490 1329 526 1360; x_wconf 89' lang='lat' dir='ltr'>et</span> <span class='ocrx_word' id='word_1_128' title='bbox 543 1323 653 1359; x_wconf 87' lang='lat' dir='ltr'>veluti</span> <span class='ocrx_word' id='word_1_129' title='bbox 671 1324 825 1358; x_wconf 82' lang='lat' dir='ltr'>natalem</span> <span class='ocrx_word' id='word_1_130' title='bbox 841 1322 1029 1357; x_wconf 86' lang='lat' dir='ltr'>celebrant.</span> 
     </span>
    </p>
   </div>
   <div class='ocr_carea' id='block_1_3' title="bbox 792 1433 1297 1470">
    <p class='ocr_par' dir='ltr' id='par_1_6' title="bbox 792 1433 1297 1470">
     <span class='ocr_line' id='line_1_19' title="bbox 792 1433 1297 1470; baseline -0.002 0"><span class='ocrx_word' id='word_1_131' title='bbox 792 1436 827 1470; x_wconf 90' lang='lat' dir='ltr'>S.</span> <span class='ocrx_word' id='word_1_132' title='bbox 852 1434 916 1470; x_wconf 89' lang='lat' dir='ltr'>PE</span> <span class='ocrx_word' id='word_1_133' title='bbox 921 1434 1136 1470; x_wconf 87' lang='lat' dir='ltr'><strong>TRANUS.</strong></span> <span class='ocrx_word' id='word_1_134' title='bbox 1190 1433 1297 1469; x_wconf 91' lang='grc'><strong>1006.</strong></span> 
     </span>
    </p>
   </div>
   <div class='ocr_carea' id='block_1_4' title="bbox 352 1548 1737 1881">
    <p class='ocr_par' dir='ltr' id='par_1_7' title="bbox 352 1548 1737 1764">
     <span class='ocr_line' id='line_1_20' title="bbox 353 1548 1733 1592; baseline -0.001 -4"><span class='ocrx_word' id='word_1_135' title='bbox 353 1552 390 1588; x_wconf 81' lang='lat' dir='ltr'>S.</span> <span class='ocrx_word' id='word_1_136' title='bbox 410 1552 644 1592; x_wconf 78' lang='lat' dir='ltr'>PETRANUS,</span> <span class='ocrx_word' id='word_1_137' title='bbox 669 1550 782 1586; x_wconf 84' lang='lat' dir='ltr'>frater</span> <span class='ocrx_word' id='word_1_138' title='bbox 807 1548 843 1584; x_wconf 87' lang='lat' dir='ltr'>S.</span> <span class='ocrx_word' id='word_1_139' title='bbox 871 1548 1037 1589; x_wconf 90' lang='lat' dir='ltr'>Gibirini,</span> <span class='ocrx_word' id='word_1_140' title='bbox 1063 1559 1108 1583; x_wconf 85' lang='lat' dir='ltr'>ex</span> <span class='ocrx_word' id='word_1_141' title='bbox 1133 1548 1252 1583; x_wconf 81' lang='lat' dir='ltr'>Scotia</span> <span class='ocrx_word' id='word_1_142' title='bbox 1277 1559 1359 1583; x_wconf 89' lang='lat' dir='ltr'>eum</span> <span class='ocrx_word' id='word_1_143' title='bbox 1376 1549 1415 1583; x_wconf 89' lang='lat' dir='ltr'>in</span> <span class='ocrx_word' id='word_1_144' title='bbox 1431 1548 1564 1584; x_wconf 88' lang='lat' dir='ltr'>Gallias</span> <span class='ocrx_word' id='word_1_145' title='bbox 1582 1556 1733 1591; x_wconf 87' lang='lat' dir='ltr'>secutus,</span> 
     </span>
     <span class='ocr_line' id='line_1_21' title="bbox 352 1605 1736 1653; baseline -0.002 -8"><span class='ocrx_word' id='word_1_146' title='bbox 352 1610 445 1644; x_wconf 84' lang='lat' dir='ltr'>miro</span> <span class='ocrx_word' id='word_1_147' title='bbox 462 1613 603 1644; x_wconf 89' lang='lat' dir='ltr'>sanctae</span> <span class='ocrx_word' id='word_1_148' title='bbox 620 1609 769 1653; x_wconf 89' lang='lat' dir='ltr'>piaeque</span> <span class='ocrx_word' id='word_1_149' title='bbox 786 1607 882 1641; x_wconf 87' lang='lat' dir='ltr'>vitae</span> <span class='ocrx_word' id='word_1_150' title='bbox 907 1605 1031 1640; x_wconf 89' lang='lat' dir='ltr'>ardore</span> <span class='ocrx_word' id='word_1_151' title='bbox 1054 1605 1092 1639; x_wconf 89' lang='lat' dir='ltr'>in</span> <span class='ocrx_word' id='word_1_152' title='bbox 1115 1605 1309 1640; x_wconf 90' lang='lat' dir='ltr'>Rhemensi</span> <span class='ocrx_word' id='word_1_153' title='bbox 1334 1610 1452 1640; x_wconf 85' lang='lat' dir='ltr'>tractu</span> <span class='ocrx_word' id='word_1_154' title='bbox 1478 1607 1581 1647; x_wconf 80' lang='lat' dir='ltr'>vixit,</span> <span class='ocrx_word' id='word_1_155' title='bbox 1607 1608 1736 1642; x_wconf 82' lang='lat' dir='ltr'>sanctis</span> 
     </span>
     <span class='ocr_line' id='line_1_22' title="bbox 354 1661 1737 1711; baseline -0.003 -9"><span class='ocrx_word' id='word_1_156' title='bbox 354 1667 540 1711; x_wconf 82' lang='lat' dir='ltr'>ascriptus,</span> <span class='ocrx_word' id='word_1_157' title='bbox 567 1670 609 1700; x_wconf 89' lang='lat' dir='ltr'>ut</span> <span class='ocrx_word' id='word_1_158' title='bbox 635 1665 763 1710; x_wconf 90' lang='lat' dir='ltr'>reliqui</span> <span class='ocrx_word' id='word_1_159' title='bbox 789 1674 910 1698; x_wconf 89' lang='lat' dir='ltr'>omnes</span> <span class='ocrx_word' id='word_1_160' title='bbox 937 1667 1071 1707; x_wconf 89' lang='lat' dir='ltr'>septem</span> <span class='ocrx_word' id='word_1_161' title='bbox 1096 1661 1236 1697; x_wconf 85' lang='lat' dir='ltr'>fratres.</span> <span class='ocrx_word' id='word_1_162' title='bbox 1292 1662 1470 1704; x_wconf 88' lang='lat' dir='ltr'>Molanus,</span> <span class='ocrx_word' id='word_1_163' title='bbox 1498 1668 1534 1698; x_wconf 90' lang='lat' dir='ltr'>et</span> <span class='ocrx_word' id='word_1_164' title='bbox 1563 1663 1737 1710; x_wconf 81' lang='lat' dir='ltr'>Georgius</span> 
     </span>
     <span class='ocr_line' id='line_1_23' title="bbox 354 1718 1428 1764; baseline -0.004 -6"><span class='ocrx_word' id='word_1_165' title='bbox 354 1723 584 1758; x_wconf 90' lang='lat' dir='ltr'>Colvenerius</span> <span class='ocrx_word' id='word_1_166' title='bbox 602 1722 696 1757; x_wconf 89' lang='lat' dir='ltr'>notis</span> <span class='ocrx_word' id='word_1_167' title='bbox 714 1721 759 1755; x_wconf 90' lang='lat' dir='ltr'>ad</span> <span class='ocrx_word' id='word_1_168' title='bbox 776 1719 1027 1755; x_wconf 86' lang='lat' dir='ltr'>Flodoardum.</span> <span class='ocrx_word' id='word_1_169' title='bbox 1079 1718 1219 1763; x_wconf 83' lang='lat' dir='ltr'>Scripta</span> <span class='ocrx_word' id='word_1_170' title='bbox 1234 1719 1428 1764; x_wconf 87' lang='lat' dir='ltr'>perierunt.</span> 
     </span>
    </p>

    <p class='ocr_par' dir='ltr' id='par_1_8' title="bbox 357 1776 1736 1881">
     <span class='ocr_line' id='line_1_24' title="bbox 404 1776 1736 1825; baseline -0.002 -11"><span class='ocrx_word' id='word_1_171' title='bbox 404 1779 704 1825; x_wconf 88' lang='lat' dir='ltr'>Peregrinabatur</span> <span class='ocrx_word' id='word_1_172' title='bbox 720 1789 813 1812; x_wconf 86' lang='lat' dir='ltr'>anno</span> <span class='ocrx_word' id='word_1_173' title='bbox 840 1785 927 1811; x_wconf 85' lang='lat' dir='ltr'>mx.</span> <span class='ocrx_word' id='word_1_174' title='bbox 951 1776 1134 1822; x_wconf 87' lang='lat' dir='ltr'>Sigeberto</span> <span class='ocrx_word' id='word_1_175' title='bbox 1152 1780 1319 1817; x_wconf 80' lang='lat' dir='ltr'>auctore3</span> <span class='ocrx_word' id='word_1_176' title='bbox 1346 1776 1488 1821; x_wconf 91' lang='lat' dir='ltr'>quando</span> <span class='ocrx_word' id='word_1_177' title='bbox 1505 1776 1640 1817; x_wconf 80' lang='lat' dir='ltr'>obierit,</span> <span class='ocrx_word' id='word_1_178' title='bbox 1666 1788 1736 1812; x_wconf 87' lang='lat' dir='ltr'>non</span> 
     </span>
     <span class='ocr_line' id='line_1_25' title="bbox 357 1846 519 1881; baseline -0.019 -9"><span class='ocrx_word' id='word_1_179' title='bbox 357 1846 519 1881; x_wconf 78' lang='lat' dir='ltr'>comperi.</span> 
     </span>
    </p>
   </div>
   <div class='ocr_carea' id='block_1_5' title="bbox 794 1944 1295 1982">
    <p class='ocr_par' dir='ltr' id='par_1_9' title="bbox 794 1944 1295 1982">
     <span class='ocr_line' id='line_1_26' title="bbox 794 1944 1295 1982; baseline -0.002 -2"><span class='ocrx_word' id='word_1_180' title='bbox 794 1946 831 1980; x_wconf 90' lang='lat' dir='ltr'>S.</span> <span class='ocrx_word' id='word_1_181' title='bbox 859 1944 1134 1979; x_wconf 86' lang='lat' dir='ltr'><strong>PETROCUS.</strong></span> <span class='ocrx_word' id='word_1_182' title='bbox 1188 1947 1295 1982; x_wconf 88' lang='grc'><strong>1007.</strong></span> 
     </span>
    </p>
   </div>
   <div class='ocr_carea' id='block_1_6' title="bbox 355 2058 1738 2443">
    <p class='ocr_par' dir='ltr' id='par_1_10' title="bbox 355 2058 1738 2443">
     <span class='ocr_line' id='line_1_27' title="bbox 355 2058 1736 2102; baseline -0.001 -4"><span class='ocrx_word' id='word_1_183' title='bbox 355 2064 390 2098; x_wconf 92' lang='lat' dir='ltr'>S.</span> <span class='ocrx_word' id='word_1_184' title='bbox 425 2062 652 2102; x_wconf 60' lang='lat' dir='ltr'>Pam-noem,</span> <span class='ocrx_word' id='word_1_185' title='bbox 679 2062 718 2095; x_wconf 87' lang='lat' dir='ltr'>in</span> <span class='ocrx_word' id='word_1_186' title='bbox 747 2060 867 2094; x_wconf 89' lang='lat' dir='ltr'>Scotia</span> <span class='ocrx_word' id='word_1_187' title='bbox 890 2059 1058 2092; x_wconf 85' lang='lat' dir='ltr'>mediocri</span> <span class='ocrx_word' id='word_1_188' title='bbox 1085 2058 1229 2092; x_wconf 87' lang='lat' dir='ltr'>fortuna</span> <span class='ocrx_word' id='word_1_189' title='bbox 1257 2058 1463 2102; x_wconf 85' lang='lat' dir='ltr'>parentibus</span> <span class='ocrx_word' id='word_1_190' title='bbox 1488 2063 1599 2100; x_wconf 81' lang='lat' dir='ltr'>ortus,</span> <span class='ocrx_word' id='word_1_191' title='bbox 1628 2065 1669 2095; x_wconf 89' lang='lat' dir='ltr'>ut</span> <span class='ocrx_word' id='word_1_192' title='bbox 1698 2062 1736 2096; x_wconf 88' lang='lat' dir='ltr'>iu</span> 
     </span>
     <span class='ocr_line' id='line_1_28' title="bbox 358 2115 1737 2161; baseline -0.001 -6"><span class='ocrx_word' id='word_1_193' title='bbox 358 2119 619 2155; x_wconf 84' lang='lat' dir='ltr'>Scotichronico</span> <span class='ocrx_word' id='word_1_194' title='bbox 644 2118 806 2156; x_wconf 86' lang='lat' dir='ltr'>habetur,</span> <span class='ocrx_word' id='word_1_195' title='bbox 835 2117 874 2150; x_wconf 92' lang='lat' dir='ltr'>in</span> <span class='ocrx_word' id='word_1_196' title='bbox 905 2115 1116 2149; x_wconf 88' lang='lat' dir='ltr'>Hiberniam</span> <span class='ocrx_word' id='word_1_197' title='bbox 1145 2115 1294 2160; x_wconf 84' lang='lat' dir='ltr'>trajecit,</span> <span class='ocrx_word' id='word_1_198' title='bbox 1324 2119 1365 2149; x_wconf 90' lang='lat' dir='ltr'>ut</span> <span class='ocrx_word' id='word_1_199' title='bbox 1391 2115 1581 2161; x_wconf 89' lang='lat' dir='ltr'>discipulos</span> <span class='ocrx_word' id='word_1_200' title='bbox 1607 2115 1641 2150; x_wconf 87' lang='lat' dir='ltr'>S.</span> <span class='ocrx_word' id='word_1_201' title='bbox 1669 2117 1737 2153; x_wconf 90' lang='lat' dir='ltr'>Pa-</span> 
     </span>
     <span class='ocr_line' id='line_1_29' title="bbox 356 2171 1737 2217; baseline -0.004 -5"><span class='ocrx_word' id='word_1_202' title='bbox 356 2177 450 2212; x_wconf 87' lang='lat' dir='ltr'>tricii</span> <span class='ocrx_word' id='word_1_203' title='bbox 468 2187 585 2211; x_wconf 83' lang='lat' dir='ltr'>coram</span> <span class='ocrx_word' id='word_1_204' title='bbox 611 2174 839 2215; x_wconf 80' lang='lat' dir='ltr'>conveniret3</span> <span class='ocrx_word' id='word_1_205' title='bbox 871 2184 893 2206; x_wconf 91' lang='lat' dir='ltr'>a</span> <span class='ocrx_word' id='word_1_206' title='bbox 917 2171 1045 2217; x_wconf 88' lang='lat' dir='ltr'>quibus</span> <span class='ocrx_word' id='word_1_207' title='bbox 1066 2171 1273 2216; x_wconf 85' lang='lat' dir='ltr'>aliquandiu</span> <span class='ocrx_word' id='word_1_208' title='bbox 1294 2171 1469 2213; x_wconf 85' lang='lat' dir='ltr'>detentus,</span> <span class='ocrx_word' id='word_1_209' title='bbox 1494 2173 1540 2207; x_wconf 81' lang='lat' dir='ltr'>ad</span> <span class='ocrx_word' id='word_1_210' title='bbox 1565 2171 1601 2207; x_wconf 87' lang='lat' dir='ltr'>S.</span> <span class='ocrx_word' id='word_1_211' title='bbox 1626 2172 1737 2209; x_wconf 85' lang='lat' dir='ltr'>Davi-</span> 
     </span>
     <span class='ocr_line' id='line_1_30' title="bbox 356 2227 1735 2277; baseline -0.001 -10"><span class='ocrx_word' id='word_1_212' title='bbox 356 2235 436 2268; x_wconf 90' lang='lat' dir='ltr'>dem</span> <span class='ocrx_word' id='word_1_213' title='bbox 454 2233 599 2268; x_wconf 89' lang='lat' dir='ltr'>Scotum</span> <span class='ocrx_word' id='word_1_214' title='bbox 616 2231 711 2277; x_wconf 88' lang='lat' dir='ltr'>apud</span> <span class='ocrx_word' id='word_1_215' title='bbox 729 2229 915 2264; x_wconf 84' lang='lat' dir='ltr'>Menenses</span> <span class='ocrx_word' id='word_1_216' title='bbox 932 2232 1095 2274; x_wconf 85' lang='lat' dir='ltr'>agentern</span> <span class='ocrx_word' id='word_1_217' title='bbox 1113 2229 1152 2262; x_wconf 90' lang='lat' dir='ltr'>in</span> <span class='ocrx_word' id='word_1_218' title='bbox 1168 2227 1384 2262; x_wconf 88' lang='lat' dir='ltr'>Cornubiam</span> <span class='ocrx_word' id='word_1_219' title='bbox 1401 2229 1578 2270; x_wconf 85' lang='lat' dir='ltr'>transivit,</span> <span class='ocrx_word' id='word_1_220' title='bbox 1604 2229 1665 2264; x_wconf 88' lang='lat' dir='ltr'>ubi</span> <span class='ocrx_word' id='word_1_221' title='bbox 1685 2232 1735 2265; x_wconf 89' lang='lat' dir='ltr'>vi-</span> 
     </span>
     <span class='ocr_line' id='line_1_31' title="bbox 357 2284 1736 2335; baseline -0.002 -10"><span class='ocrx_word' id='word_1_222' title='bbox 357 2296 395 2325; x_wconf 89' lang='lat' dir='ltr'>ta</span> <span class='ocrx_word' id='word_1_223' title='bbox 411 2301 494 2325; x_wconf 87' lang='lat' dir='ltr'>vere</span> <span class='ocrx_word' id='word_1_224' title='bbox 519 2289 711 2335; x_wconf 86' lang='lat' dir='ltr'>apostolica</span> <span class='ocrx_word' id='word_1_225' title='bbox 734 2286 900 2321; x_wconf 72' lang='lat' dir='ltr'>instituta</span> <span class='ocrx_word' id='word_1_226' title='bbox 924 2285 969 2319; x_wconf 83' lang='lat' dir='ltr'>ad</span> <span class='ocrx_word' id='word_1_227' title='bbox 994 2285 1164 2328; x_wconf 90' lang='lat' dir='ltr'>oppidum</span> <span class='ocrx_word' id='word_1_228' title='bbox 1190 2284 1366 2325; x_wconf 80' lang='lat' dir='ltr'>Laffenac,</span> <span class='ocrx_word' id='word_1_229' title='bbox 1392 2296 1454 2320; x_wconf 90' lang='lat' dir='ltr'>seu</span> <span class='ocrx_word' id='word_1_230' title='bbox 1478 2285 1639 2327; x_wconf 85' lang='lat' dir='ltr'>Loderic,</span> <span class='ocrx_word' id='word_1_231' title='bbox 1663 2298 1736 2322; x_wconf 89' lang='lat' dir='ltr'>mo-</span> 
     </span>
     <span class='ocr_line' id='line_1_32' title="bbox 357 2341 1736 2389; baseline -0.002 -7"><span class='ocrx_word' id='word_1_232' title='bbox 357 2347 552 2382; x_wconf 87' lang='lat' dir='ltr'>nasterium</span> <span class='ocrx_word' id='word_1_233' title='bbox 582 2344 896 2380; x_wconf 88' lang='lat' dir='ltr'>celebratissimum</span> <span class='ocrx_word' id='word_1_234' title='bbox 926 2341 1091 2375; x_wconf 87' lang='lat' dir='ltr'>manibus</span> <span class='ocrx_word' id='word_1_235' title='bbox 1119 2341 1194 2375; x_wconf 89' lang='lat' dir='ltr'>suis</span> <span class='ocrx_word' id='word_1_236' title='bbox 1223 2341 1400 2384; x_wconf 85' lang='lat' dir='ltr'>fundavit,</span> <span class='ocrx_word' id='word_1_237' title='bbox 1430 2343 1525 2387; x_wconf 88' lang='lat' dir='ltr'>quod</span> <span class='ocrx_word' id='word_1_238' title='bbox 1549 2344 1595 2378; x_wconf 90' lang='lat' dir='ltr'>ab</span> <span class='ocrx_word' id='word_1_239' title='bbox 1624 2344 1736 2389; x_wconf 87' lang='lat' dir='ltr'>ipsius</span> 
     </span>
     <span class='ocr_line' id='line_1_33' title="bbox 357 2397 1738 2443; baseline -0.002 -5"><span class='ocrx_word' id='word_1_240' title='bbox 357 2404 499 2439; x_wconf 89' lang='lat' dir='ltr'>nomine</span> <span class='ocrx_word' id='word_1_241' title='bbox 542 2401 769 2441; x_wconf 76' lang='lat' dir='ltr'>Petrocstow,</span> <span class='ocrx_word' id='word_1_242' title='bbox 807 2399 934 2434; x_wconf 83' lang='lat' dir='ltr'>deinde</span> <span class='ocrx_word' id='word_1_243' title='bbox 969 2402 1149 2433; x_wconf 81' lang='lat' dir='ltr'>contracta</span> <span class='ocrx_word' id='word_1_244' title='bbox 1182 2408 1266 2433; x_wconf 86' lang='lat' dir='ltr'>voce</span> <span class='ocrx_word' id='word_1_245' title='bbox 1298 2409 1320 2433; x_wconf 82' lang='lat' dir='ltr'>a</span> <span class='ocrx_word' id='word_1_246' title='bbox 1353 2399 1504 2443; x_wconf 85' lang='lat' dir='ltr'>posteris</span> <span class='ocrx_word' id='word_1_247' title='bbox 1540 2397 1715 2436; x_wconf 64' lang='lat' dir='ltr'>Padstow</span> <span class='ocrx_word' id='word_1_248' title='bbox 1726 2414 1738 2440; x_wconf 90' lang='lat'><em>;</em></span> 
     </span>
    </p>
   </div>
  </div>
 </body>
</html>
