2060 2848
405 315 489 348 576*
796 316 1027 350 ms'romA
1053 304 1425 350 ECCLESI‘AsTmA

555 410 609 444 De
626 409 783 445 Decimis
1303 412 1364 446 lib.
1385 420 1409 445 Ι.

555 468 691 503 Contra
708 467 847 503 Usuras
1300 469 1360 503 lib.
1381 478 1408 503 1.

556 525 726 560 Chartam
745 525 970 561 Liber-tatum
989 526 1127 561 Scotiae
1298 527 1360 561 lib.
1380 536 1406 560 1.

455 583 617 617 Affectus
643 588 698 618 est
714 584 889 629 martyrio
917 583 1012 630 [die]
1040 584 1218 618 dominica
1234 582 1331 618 infra
1355 587 1500 618 octavas
1525 582 1728 617 nativitatis
1756 583 1799 617 B.

407 640 555 680 Mariae,
573 644 615 675 ut
632 641 792 686 loquitur
818 639 1106 675 Scotichronicon
1128 640 1189 675 lib.
1215 649 1272 674 1X.
1297 651 1373 685 cap.
1398 648 1565 674 XXXVII.
1592 651 1707 674 annus
1725 647 1799 675 erat

408 706 601 732 Mccxxu.
661 697 767 732 Alius
797 696 897 732 Serlo
926 702 991 738 est,
1018 696 1162 743 Anglus
1192 702 1228 731 et
1258 697 1525 737 Benedictinus,
1556 697 1672 731 clarus
1706 709 1800 732 anno

406 763 606 790 DCCCCLX.

781 868 817 903 S.
844 867 1131 904 SUIBERTUS
1156 869 1203 904 E.
1259 868 1366 904 1036.

405 985 440 1019 S.
473 982 716 1025 SUIBERTUS,
742 983 936 1018 verdensis
962 984 1147 1029 episcopus
1174 985 1323 1029 primus„
1350 984 1488 1026 Scotus,
1515 996 1599 1019 nam
1622 989 1725 1030 pater
1747 986 1801 1030 ip·

403 1042 477 1077 sius
501 1041 719 1087 Sigebertus,
743 1045 785 1076 ut
808 1040 1038 1075 Marcellinus
1055 1043 1151 1086 apud
1173 1041 1319 1076 Surium
1347 1046 1495 1083 auctor;
1522 1042 1581 1076 hic
1606 1054 1691 1078 vero
1717 1048 1800 1078 ortu

404 1099 527 1133 Scotos
553 1110 655 1145 reges
682 1099 892 1145 attingebat,
919 1102 955 1132 et
980 1109 1044 1143 per
1069 1099 1209 1134 eosdem
1235 1098 1519 1134 Northumbriae
1541 1100 1714 1134 comitatu
1739 1101 1801 1135 do-

402 1161 520 1196 natus,
555 1156 693 1200 primus
729 1155 916 1190 Scotorum
950 1166 1028 1190 eam
1061 1156 1282 1200 provinciam
1313 1156 1441 1196 tenuit,
1472 1161 1512 1191 ut
1548 1157 1800 1192 Veremundus

401 1214 509 1248 habet
539 1214 634 1258 apud
660 1213 685 1247 J
686 1224 836 1248 oannem
871 1212 1192 1257 Campumbellum.
1246 1212 1318 1247 Hic
1349 1223 1434 1246 vero
1469 1214 1619 1248 antistes
1650 1225 1692 1248 ea
1721 1215 1798 1260 dig-

401 1272 515 1306 nitate
550 1276 571 1291 “
602 1282 623 1304 a
656 1270 785 1304 Carolo
819 1270 955 1316 Magno
989 1265 1142 1304 d'onatus
1182 1270 1228 1304 ob
1267 1270 1444 1316 insignem
1482 1269 1669 1305 Scotorum
1708 1272 1799 1306 bello

402 1328 634 1373 Hispaniensi
662 1327 779 1368 fidem,
813 1327 1006 1367 solertiam,
1041 1331 1077 1361 et
1105 1326 1366 1367 fortitudinem,
1395 1327 1458 1371 qui
1493 1328 1693 1374 gratissimi
1723 1330 1800 1363 ani-

399 1385 450 1419 mi
481 1385 644 1430 princeps
670 1385 878 1429 praecipuas
905 1394 1027 1418 omnes
1056 1383 1252 1430 dignitates
1282 1383 1458 1419 Saxoniae
1489 1385 1581 1419 bello
1611 1391 1798 1430 superatae

400 1443 514 1478 Scotis
545 1442 726 1482 indulsit‚’'
755 1446 798 1476 ut
826 1441 989 1476 historici
1021 1440 1151 1475 Franci
1181 1445 1301 1483 testes,
1331 1446 1368 1475 et
1397 1442 1436 1476 in
1464 1442 1522 1477 his
1552 1442 1685 1488 Philip.
1717 1443 1799 1478 Bel-

399 1501 521 1535 forest.
552 1500 613 1534 lib.
645 1508 673 1534 Ι.
704 1499 801 1534 Hist.
832 1499 990 1533 Carolor.
1052 1498 1221 1543 Optimus
1256 1499 1326 1539 hic,
1357 1503 1393 1534 et
1421 1500 1606 1544 piissimus
1634 1501 1794 1541 antistes,

401 1563 443 1592 ut
472 1568 595 1593 omnes
626 1557 687 1592 alii
715 1562 794 1592 octo
824 1561 1011 1602 sequentes
1037 1555 1145 1596 Scoti,
1171 1568 1216 1591 ex
1241 1556 1409 1591 coenobio
1434 1556 1722 1592 Amarbaricensi
1752 1560 1797 1592 ad

400 1617 644 1661 episcopatum
686 1615 893 1655 translatus,
936 1614 1027 1648 nihil
1060 1613 1161 1658 prius
1195 1613 1322 1648 habuit
1356 1625 1465 1659 quam
1499 1615 1632 1648 clerum
1668 1620 1703 1649 et
1737 1627 1797 1660 po-

400 1675 524 1718 pulum
556 1672 624 1707 sibi
654 1672 884 1707 commissum
918 1671 963 1705 ad
996 1671 1166 1716 pietatem
1201 1672 1305 1706 dictis
1335 1677 1371 1706 et
1398 1671 1502 1707 factis
1529 1672 1616 1716 ipsis
1646 1671 1794 1707 hortari.

401 1730 540 1765 Sanctis
557 1730 743 1775 ascriptus.
787 1728 937 1763 Arnold.
950 1727 1071 1763 Uvion
1085 1728 1146 1762 lib.
1163 1737 1205 1762 11.
1224 1728 1332 1774 Ligu.
1350 1728 1457 1764 Vitae
1475 1740 1550 1773 cap.
1568 1737 1633 1763 LV.
1672 1729 1795 1764 Vitam

399 1788 541 1832 scripsit
567 1787 612 1821 B.
640 1786 881 1827 Marcellinus,
907 1791 943 1821 et
966 1786 1089 1820 retulit
1115 1785 1157 1820 F.
1185 1785 1312 1820 Surius
1339 1790 1424 1820 tom.
1455 1795 1497 1820 11.
1525 1786 1581 1820 die
1609 1795 1633 1820 1.
1657 1786 1795 1821 Martii.

398 1844 547 1890 Scripsit

548 1902 609 1936 Ad
627 1902 771 1936 Fratres
788 1901 1100 1936 Amarbaricenses
1290 1902 1350 1936 lib.
1372 1911 1396 1936 1.

548 1960 608 1994 Ad
626 1959 821 1994 Ecclesiam
839 1958 1056 1994 verdensem
1288 1959 1350 1994 lib.
1370 1968 1395 1993 1.

548 2018 710 2051 Canones
728 2028 845 2051 sacros
1293 2017 1354 2051 lib.
1375 2026 1400 2051 1.

450 2075 617 2110 Florebat
634 2086 727 2108 anno
745 2082 1038 2108 DCCLXXXVIII.
1093 2073 1167 2107 Adi
1185 2073 1229 2107 ad
1252 2073 1448 2119 Gasparem
1467 2073 1684 2109 Bruschium
1704 2076 1793 2110 Cen-

402 2140 470 2167 tur.
502 2132 752 2166 Monasterior.
789 2130 1031 2165 Germanicor.
1066 2129 1207 2165 Albert.
1243 2130 1389 2166 Crantz.
1425 2131 1487 2165 lib.
1524 2140 1567 2165 11.
1603 2131 1792 2176 Metropol.

401 2202 476 2235 cap.
501 2199 604 2223 XXX.
629 2189 774 2223 Suffrid.
799 2188 897 2223 Petr.
924 2188 982 2222 lib.
1007 2198 1032 2223 1.
1059 2189 1102 2222 de
1120 2188 1271 2234 Origine
1297 2188 1443 2223 Frisior.
1470 2200 1545 2233 cap.
1574 2197 1642 2223 XV.
1697 2188 1795 2223 Hen-

401 2249 494 2282 ricus
522 2247 701 2281 Sinclarus
731 2250 834 2291 putat
861 2245 1086 2292 Sigebertum
1112 2257 1185 2280 non
1210 2250 1292 2280 ortu
1319 2245 1476 2286 Scotum,
1502 2247 1563 2280 sed
1589 2247 1728 2280 exulem
1755 2247 1793 2281 in

400 2305 518 2339 Scotia
536 2304 699 2344 haesisse,
717 2304 837 2348 ibique
861 2314 905 2338 ex
929 2302 1034 2338 Scota
1056 2314 1167 2337 uxore
1193 2302 1400 2338 Suibertum
1422 2303 1597 2349 genuisse.
1651 2303 1702 2339 Ut
1728 2310 1791 2343 est,

402 2362 469 2396 sub
486 2361 613 2395 Carolo
636 2361 771 2407 Magno
794 2361 884 2395 nulli
907 2359 1030 2407 Angli,
1055 2359 1151 2394 Scoti
1175 2360 1321 2405 plurimi
1339 2360 1563 2400 militarunt3
1591 2364 1626 2395 et
1644 2365 1723 2395 octo
1740 2372 1793 2396 se-

400 2423 548 2463 quentes
566 2418 631 2452 loci
651 2418 828 2452 antistites
847 2417 965 2459 Scoti3
993 2422 1034 2453 ut
1051 2418 1109 2452 hic
1126 2417 1268 2464 Anglus
1287 2418 1400 2452 videri
1417 2429 1488 2452 non
1506 2418 1630 2462 possit.
