2060 2848
645 294 820 327 GENTIS
844 295 1118 333 SCOTORUM,
1144 296 1231 328 LIB.
1258 297 1371 328 XVII.
1637 300 1700 332 579

318 392 427 425 fuisse
444 390 573 424 diserte
590 389 796 433 loquuntur,
822 394 858 422 et
883 389 1019 423 venisse
1036 389 1074 423 in
1091 400 1167 423 eam
1185 390 1398 423 academiam
1422 391 1695 435 adoptatumque

319 457 356 482 v.
383 447 485 482 Junii
508 456 601 479 anno
625 453 801 479 MCCXXI.
853 444 940 479 Fuit
963 446 1150 479 canonicus
1167 446 1206 479 in
1222 447 1436 480 monasterio
1453 446 1697 487 Nithisdaliae,

319 506 427 550 vulgo
458 500 652 542 Haliwud,
680 502 774 546 quod
797 501 962 536 fundavit
988 502 1064 536 Deo
1087 501 1241 547 Virgilla
1267 503 1445 537 comitissa
1470 502 1697 537 Gallovidiae.

318 561 518 595 Richardus
536 559 720 594 Gibbonus
737 558 879 605 Anglus
902 559 940 592 in
962 558 1072 605 Angl.
1098 558 1236 593 Histor.
1255 559 1398 593 Scotum
1416 565 1528 600 vocat,
1550 560 1699 594 incolam

320 618 509 662 Halywod.
562 616 642 651 Hoc
658 627 737 650 cum
760 617 806 650 sit
823 616 1075 656 indubitatum,
1093 627 1165 650 non
1182 616 1295 651 defuit
1311 622 1430 650 tamen
1446 617 1699 650 maledicentis-

319 676 429 709 simus
460 674 649 713 Le1andus,
681 674 741 717 qui
772 673 868 707 futili
894 677 1103 719 argumento
1129 677 1165 708 et
1188 674 1347 713 ridicula,
1373 678 1415 708 ut
1440 675 1538 713 solet,
1564 674 1698 707 ratione

319 733 479 778 Anglum
509 731 618 765 fuisse
646 735 681 764 et
710 730 871 764 Oxoniae
898 730 1075 764 studuisse
1108 729 1281 764 affirmet:
1310 737 1345 764 et
1374 730 1570 765 Gulielmus
1597 731 1697 764 Cam-

320 791 430 824 denus
448 790 486 823 in
504 788 713 822 Britanniae
730 786 986 830 Descriptione,
1013 787 1075 821 ubi
1098 787 1141 820 de
1165 786 1409 832 Brigantibus,
1435 787 1582 821 Halifax
1599 790 1697 832 oppi-

320 847 416 886 dum,
434 846 529 890 quod
544 855 680 879 sacram
697 844 825 878 silvam
841 843 1027 889 significat,
1045 855 1124 878 eum
1138 844 1346 887 produxisse
1359 845 1472 878 voluit
1486 856 1495 885 ;
1523 846 1583 879 sed
1598 844 1696 883 falso,

320 915 402 938 nam
420 913 549 936 nomen
566 902 654 935 illud
671 906 724 935 est
741 901 894 946 ignobile
912 904 947 934 et
964 911 1150 944 nuperum,
1177 901 1346 944 oppidum
1372 902 1466 934 enim
1491 907 1572 936 ante
1599 913 1697 936 voca·

320 961 424 994 batur
447 959 597 993 Hortau.
648 957 785 991 Deinde
807 957 1058 1001 perridiculum
1082 962 1134 991 est
1160 968 1203 991 ex
1230 956 1377 991 Halifax
1403 957 1533 992 efficere
1559 960 1647 992 velle
1672 970 1696 992 a

321 1015 543 1050 Saerobosco.
595 1014 790 1058 Scripserat
807 1014 865 1047 ille

465 1072 520 1106 De
537 1071 695 1115 Sphaera
711 1070 841 1104 Mundi
1200 1071 1260 1104 lib.
1281 1081 1304 1105 1.
1349 1081 1436 1115 opus
1470 1072 1696 1106 celebratissi-

516 1139 626 1168 mum,
656 1127 751 1171 quod
781 1127 1110 1161 mathematicorum
1142 1127 1350 1162 nobilissimi
1377 1128 1633 1162 commentariis
1659 1129 1698 1162 il-

515 1187 723 1224 lustravere,
741 1183 889 1218 Gemma
907 1183 1056 1224 Frisius,
1071 1184 1199 1218 Petrus
1214 1184 1361 1224 Ramus,
1376 1189 1409 1218 et
1424 1183 1697 1228 christophorus

511 1242 668 1276 Clavius.
1146 1269 1150 1273 Δ

466 1299 521 1333 De
538 1298 743 1344 Algorismo
1202 1298 1260 1331 lib.
1284 1306 1307 1331 1.

465 1355 520 1389 De
538 1355 690 1389 Ratione
707 1354 806 1388 Anni
1202 1355 1261 1388 lib.
1282 1364 1307 1388 1.

465 1413 520 1446 De
537 1411 714 1456 Computo
731 1411 976 1446 Ecclesiastico
1202 1412 1262 1446 lib.
1282 1421 1307 1444 1.

467 1469 694 1503 Breviarium
710 1468 734 1502 J
736 1469 810 1502 uris
1201 1468 1261 1502 lib.
1281 1477 1306 1501 1.

370 1527 509 1562 Claruit
536 1537 629 1560 anno
658 1534 808 1559 Mchv.
840 1530 881 1559 ut
907 1525 1060 1559 Balaeus
1086 1525 1210 1564 voluit,
1238 1526 1298 1558 sed
1323 1531 1356 1559 et
1384 1525 1628 1559 Genebrardus
1657 1539 1697 1559 eo

322 1596 414 1620 anno
432 1583 596 1617 Lutetiae
613 1582 898 1616 mathematicam
918 1581 1114 1626 professum
1133 1581 1276 1622 scribit3
1295 1586 1444 1626 uterque
1462 1582 1560 1616 falso.
1605 1581 1699 1616 Nam

322 1642 504 1676 Aubertus
528 1639 686 1673 Miraeus
709 1639 747 1672 in
771 1638 945 1672 Chronico
968 1639 1060 1671 diem
1087 1649 1190 1671 suum
1217 1638 1325 1672 obiise
1350 1643 1442 1672 recte
1468 1643 1613 1672 annotat
1639 1650 1697 1672 an-

322 1710 367 1732 no
399 1704 633 1730 MCCXXXVI.
685 1694 871 1728 Consentit
905 1699 939 1728 et
973 1694 1200 1738 sepulchralis
1231 1695 1323 1739 cippi
1358 1695 1540 1739 inscriptio
1574 1696 1616 1728 ad
1652 1696 1696 1728 D.

323 1752 524 1788 Mathurini
543 1751 703 1790 Parisiis,
721 1751 782 1785 ubi
806 1751 864 1785 ille
882 1752 1052 1795 sepultus,
1072 1751 1245 1795 insculpta
1263 1752 1410 1795 sphaera
1437 1762 1515 1784 cum
1542 1752 1595 1784 liis
1623 1763 1697 1785 ver-

323 1811 442 1844 siculis
459 1819 466 1841 :

625 1892 671 1920 De
687 1891 861 1925 Sacrobosco,
876 1892 925 1930 qui
940 1892 1118 1929 computista
1131 1892 1255 1920 ,Ioannes

623 1939 764 1977 Tempora
778 1938 921 1972 discrevit,
933 1939 1009 1977 jacet
1022 1938 1068 1966 hic
1082 1948 1098 1966 a
1111 1943 1237 1975 tempore
1251 1943 1357 1976 raptus.

622 1985 763 2023 Tempora
776 1986 825 2023 qui
839 1987 974 2023 sequeris,
988 1994 1094 2013 memor
1107 1990 1168 2013 esto
1181 1984 1255 2021 quod
1269 1985 1394 2012 morieris
1404 1995 1413 2017 ;

626 2031 657 2059 Si
671 2032 796 2065 miseres,
810 2032 897 2070 plora,
913 2032 1049 2060 miserans
1063 2041 1114 2069 pro
1127 2040 1174 2058 me
1188 2040 1284 2068 precor
1298 2040 1352 2058 ora.

799 2144 999 2178 SAMSON
1027 2144 1066 2177 P.
1121 2146 1225 2180 1039.

325 2264 491 2296 SAMSON
526 2260 720 2305 presbyter,
751 2258 871 2291 relicta
904 2257 1031 2297 Scotia,
1066 2258 1104 2290 in
1134 2257 1323 2290 Bavariam
1358 2257 1528 2291 bonarum
1566 2259 1694 2292 artium

326 2319 442 2353 studio
485 2329 521 2353 se
564 2316 722 2354 contulit,
766 2325 905 2358 unaque
952 2324 1031 2347 cum
1073 2313 1221 2347 Alberto
1270 2318 1304 2347 et
1356 2312 1533 2348 Clemente
1584 2314 1694 2348 Scotis
