2060 2848
402 321 465 352 478
781 319 1014 353 HISTORIA
1038 319 1414 354 ECCLESIASTICA

400 414 573 461 Angliam
599 426 620 449 a
646 415 788 455 Scotia3
821 427 861 449 eo
896 426 983 449 aevo
1017 419 1115 449 totus
1145 416 1183 449 in
1209 415 1395 450 Scotorum
1426 415 1555 449 finibus
1586 414 1730 456 fluebat,
1761 421 1796 450 et

401 473 655 507 monasterium
684 473 771 507 illud
802 484 823 507 a
851 472 965 506 Scotis
991 484 1130 517 semper
1156 474 1356 519 regebatur,
1409 474 1509 507 Beda
1534 475 1610 508 loco
1636 474 1792 508 laudato.

401 528 460 563 Ex
472 530 538 564 hoc
549 530 717 564 coenobio
728 535 908 565 extractus
917 529 941 563 J
944 541 1074 564 oannes
1090 536 1221 570 noster,
1241 535 1263 550 “
1274 543 1295 565 a
1307 531 1434 566 Carolo
1449 531 1584 577 Magno
1598 531 1636 565 in
1651 531 1793 565 Italiam

402 588 543 627 missus,
557 587 737 628 Ticinum,
750 599 814 622 seu
827 587 1010 632 Papiam,”
1024 588 1074 622 ait
1087 588 1251 628 Balaeus,
1265 593 1286 608 ‘⁶
1299 589 1514 622 academiam
1526 588 1642 622 fecit.''
1686 588 1794 622 Prae-

400 646 535 679 clarum
553 657 637 679 sane
656 646 700 679 ab
718 646 820 679 hoste
837 646 936 691 genti
954 651 1096 680 nostrae
1109 645 1233 690 jurato
1250 645 1507 686 testimonium,
1533 646 1595 679 sed
1612 656 1696 679 mox
1713 650 1795 689 post

400 702 532 737 labitur
545 703 764 736 foedissime:
780 702 1001 747 “Displicuit
1012 703 1134 736 multis
1146 703 1241 746 quod
1253 707 1376 736 contra
1388 702 1568 736 Romanos
1582 703 1673 737 ritus
1686 702 1796 736 Grae-

398 761 447 794 cis
465 760 716 794 adhaesisset?
767 760 843 794 Nec
860 761 897 793 in
915 760 1045 793 minori
1064 770 1181 793 errore
1199 763 1364 793 versatur
1381 759 1525 793 Simeon
1542 759 1796 793 Dunelmensis

398 819 435 851 in
449 817 646 857 Chronicis,
664 818 726 862 qui
741 822 846 862 putat
859 822 983 851 contra
999 817 1095 850 hunc
1112 817 1294 861 scripsisse
1313 816 1465 850 Paulum
1485 816 1645 856 Florum,
1664 817 1725 861 qui
1740 828 1797 850 res

397 875 593 909 Justiniani
611 875 768 909 carmine
786 879 1053 918 composuerat3
1080 878 1116 908 et
1142 873 1278 907 frustra
1303 882 1388 908 sunt
1414 874 1521 908 etiam
1548 875 1610 918 qui
1636 874 1732 908 hunc
1758 874 1796 907 in

398 932 609 978 Catalogum
643 932 914 966 Haeretieorum
941 943 962 965 a
987 931 1172 965 Bernardo
1196 931 1468 977 Lutzemburgo
1495 933 1647 965 relatum
1674 931 1796 965 existi-

397 995 507 1030 mant,
526 1002 605 1024 cum
625 1001 696 1024 non
714 991 757 1023 de
774 990 798 1023 J
800 1001 913 1024 oanne
932 989 1118 1023 Mailrosio
1136 989 1256 1022 omnia
1279 990 1339 1023 illa
1367 990 1440 1024 sint
1467 989 1708 1034 intelligenda,
1735 989 1795 1022 sed

397 1048 440 1081 de
457 1047 595 1082 Joanne
613 1048 798 1094 Airigena.
852 1047 945 1092 Ejus
964 1051 1049 1081 sunt
1074 1048 1188 1081 multa
1214 1047 1259 1080 ad
1286 1051 1447 1091 posteros
1472 1048 1595 1087 relata,
1623 1047 1685 1081 sed
1710 1045 1796 1080 haec

397 1107 548 1150 paucula
566 1111 701 1145 extant,
719 1111 755 1140 et
771 1109 954 1139 recensent
969 1114 977 1138 :

545 1163 660 1208 Super
678 1163 838 1198 Canones
857 1162 1066 1196 Arzachelis
1240 1162 1300 1196 lib.
1322 1171 1347 1195 1.

543 1220 726 1265 Epistolas
744 1221 788 1255 ad
807 1220 974 1255 Carolum
994 1219 1130 1264 Regem
1239 1219 1300 1253 lib.
1321 1228 1346 1252 1.

543 1278 678 1313 Versus
696 1279 828 1312 diversi
846 1278 986 1324 generis
1240 1277 1301 1310 lib.
1323 1285 1348 1310 1.

543 1336 826 1370 Commentarios
846 1335 1111 1379 Scripturarum
1242 1335 1304 1368 lib.
1324 1343 1352 1368 Ι.

543 1393 721 1427 Homilias
740 1394 898 1427 eruditas
1240 1392 1301 1426 lib.
1322 1401 1347 1425 1.

543 1451 598 1485 De
617 1451 805 1485 Germanis
819 1451 927 1496 juxta
945 1449 1124 1485 Iremeum
1237 1450 1299 1484 lib.
1321 1459 1346 1484 Ι.
1399 1449 1559 1484 Bastono
1576 1454 1730 1483 auctore.

540 1509 734 1554 Dialogum
755 1509 798 1542 de
817 1508 960 1542 Natura
1239 1508 1300 1542 lib.
1322 1517 1347 1541 1.

541 1566 596 1600 De
613 1567 731 1610 primo
749 1566 884 1599 Rerum
904 1566 1087 1610 Principio
1236 1566 1297 1600 lib.
1319 1575 1343 1599 1.

542 1624 598 1657 De
616 1623 846 1658 Eucharistia
896 1623 957 1657 lib.
978 1633 1003 1657 Ι.
1058 1623 1157 1658 Haec
1175 1627 1260 1657 sunt
1277 1623 1420 1669 gemina
1437 1623 1549 1668 ipsius
1568 1633 1688 1667 opera.

542 1682 584 1716 In
605 1681 844 1726 Evangelium
863 1681 1043 1715 Matthaei
1243 1681 1304 1714 lib.
1325 1690 1350 1714 1.

540 1739 595 1773 De
614 1739 748 1773 Officiis
766 1739 898 1773 divinis
1241 1739 1303 1773 lib.
1325 1748 1350 1772 1.

540 1796 596 1831 De
614 1797 748 1830 Officiis
767 1797 932 1830 humanis
1236 1797 1297 1830 lib.
1319 1805 1344 1830 Ι.

541 1854 596 1888 De
616 1854 776 1888 Naturae
794 1854 980 1887 Divisione
999 1854 1058 1888 lib.
1080 1863 1105 1888 Ι.
1141 1854 1234 1888 Sunt
1248 1854 1334 1888 haec
1348 1865 1419 1888 non
1433 1853 1554 1899 hujus,
1567 1853 1629 1887 sed
1647 1852 1794 1887 alterius

589 1911 613 1945 J
616 1913 751 1951 oannis,
770 1913 823 1945 uti
843 1923 950 1956 super
968 1911 1035 1945 hoc
1052 1923 1157 1956 opere
1183 1912 1221 1945 in
1246 1913 1514 1945 nomenclatura
1540 1922 1662 1945 eorum
1688 1910 1748 1944 lib.
1770 1920 1793 1944 1.

594 1975 628 2003 et
648 1970 708 2003 lib.
733 1979 789 2003 lx.
808 1970 944 2014 liquido
965 1975 1122 2014 apparet.

444 2027 544 2062 Obiit
563 2027 670 2061 abbas
690 2027 848 2061 coenobii
868 2027 1069 2061 Ticinensis
1088 2027 1416 2067 Benedictinorum‚
1444 2038 1488 2061 ex
1511 2025 1702 2060 donatione
1727 2024 1793 2059 Ca-

395 2086 460 2118 roli
482 2085 620 2131 Magni,
640 2096 733 2119 anno
752 2093 935 2118 Dccxell.
961 2085 1028 2124 vel,
1046 2086 1140 2129 quod
1160 2085 1280 2118 verius
1299 2089 1362 2124 est,
1382 2096 1476 2119 anno
1494 2093 1678 2120 DCCCXII.

711 2199 1025 2233 FRANCISCUS
1052 2198 1333 2234 MAYRONIS.
1386 2200 1470 2237 905.

393 2315 652 2349 FRANCISCUS
687 2315 884 2359 Mayronis,
930 2316 1005 2348 sive
1042 2315 1216 2354 Maronis,
1252 2314 1509 2349 Franciscanae
1544 2314 1700 2348 familiae
1736 2325 1790 2348 so-

393 2372 479 2411 cius,
503 2377 523 2391 ‘⁶
543 2373 737 2416 discipulus
760 2372 867 2413 Scoti‚
895 2372 1027 2406 famam
1047 2373 1123 2418 ejus
1143 2384 1253 2416 paene
1272 2371 1516 2406 consecutus.'’
1565 2371 1789 2406 Volaterran.

391 2429 451 2463 lib.
467 2438 554 2463 XXI.
574 2440 655 2475 pag.
673 2438 881 2463 Dcxxxul.
911 2435 931 2449 “
948 2429 990 2463 In
1011 2430 1207 2475 Gymnasio
1228 2429 1420 2463 Parisiensi
1440 2430 1637 2474 appellatus
1656 2429 1791 2463 Doctor
