2060 2848
405 331 470 361 388
799 332 1030 366 HISTORIA
1056 334 1427 367 ECCLESIASTICA

410 437 490 459 eum
518 427 612 472 leges
639 432 778 461 nostras
802 428 965 463 barbarie
991 440 1054 462 sua
1081 430 1328 474 coinquinasse
1354 430 1521 474 turpiter,
1548 435 1582 465 et
1609 436 1728 466 tamen
1756 443 1807 466 se-

409 494 536 527 quaces
555 496 595 518 ac
618 485 818 519 laudatores
842 486 1031 520 invenisse.
1084 486 1117 519 O
1144 491 1254 527 tuam,
1283 486 1499 527 Justiniane‚
1526 489 1703 523 vindicem
1730 501 1803 523 ma-

409 542 515 575 num!
567 542 636 576 Est
661 554 745 588 ergo
769 555 809 577 eo
840 544 907 577 loci
935 543 1221 577 Commentarius
1249 543 1427 588 Principis
1454 545 1545 579 nihil
1571 546 1668 580 aliud
1695 559 1802 592 quani

409 598 549 633 Notitia
576 600 858 634 Provinciarum.
915 600 1019 634 Joan.
1048 600 1167 634 Maria
1193 600 1372 635 Cataneus
1398 602 1443 635 ad
1470 602 1510 636 C.
1539 603 1648 637 Plinii
1675 604 1804 638 Junio-

406 657 455 690 ris
482 657 542 691 lib.
573 666 632 690 111.
664 658 766 701 epist.
798 667 836 692 V.
889 657 968 691 Scio
992 669 1067 692 esse
1093 659 1201 692 etiam
1228 663 1249 678 ‘⁶
1272 658 1576 693 Commentarium
1605 661 1802 695 indiculum

407 714 599 755 Militum‚''
625 716 719 748 unde
746 720 767 734 “
794 715 1131 750 Commentariensis
1157 717 1309 762 gradum
1334 718 1514 761 repetere”
1537 718 1707 752 dicuntur
1733 720 1800 764 leg.

406 784 465 806 un.
491 773 530 806 C.
551 773 594 806 ad
613 774 681 819 leg.
700 773 835 807 ,Iuliam
854 774 896 807 de
920 772 1084 807 Ambitu.
1136 773 1331 808 Accursius
1349 774 1491 815 iterum,
1517 779 1558 809 ut
1576 777 1676 817 solet,
1697 775 1803 810 Com-

403 831 655 865 mentarienses
674 831 737 875 qui
755 835 925 875 praesunt
949 831 1091 864 carceri.
1143 830 1196 865 At
1219 832 1371 877 gradum
1395 832 1433 865 hi
1459 833 1516 865 vel
1540 834 1801 877 promotionem

403 889 440 921 in
458 889 587 922 militia
605 888 747 922 habent.
768 888 925 932 Hesych.
946 888 1128 923 Illustrius
1153 889 1191 922 in
1209 898 1294 923 voce
1317 888 1565 935 κομενταξῆσιος,
1591 894 1626 924 et
1650 890 1800 935 Etymo-

403 946 505 992 logici
526 946 653 992 Magni
671 951 795 980 auctor
812 946 850 980 in
869 958 952 980 voce
971 947 1104 987 eadem,
1123 946 1301 981 Asconius
1320 947 1500 981 Pedianus
1519 948 1558 981 in
1578 956 1638 981 111.
1653 947 1688 982 V
1690 949 1796 982 errin.

401 1005 468 1039 Sed
487 1004 596 1050 hujus
619 1004 831 1048 quisquilias
850 1016 915 1050 ego
934 1005 1052 1039 libello
1070 1005 1244 1051 singulari
1263 1004 1454 1050 proferam,
1479 1010 1543 1040 aut
1560 1010 1797 1046 contemnam,

399 1063 558 1108 singulas
576 1063 670 1108 leges
689 1073 910 1106 percurrens.

448 1120 626 1154 Notitiam
652 1119 743 1153 hanc
769 1125 905 1154 certum
931 1124 985 1154 est
1003 1120 1171 1164 scriptam
1191 1120 1258 1154 sub
1281 1119 1484 1155 Theodosio
1509 1120 1683 1163 Juniore3
1712 1133 1796 1156 nam

399 1183 419 1197 ‘⁶
437 1178 504 1212 sub
521 1178 609 1212 duce
626 1177 785 1224 Aegypti
805 1178 970 1211 meminit
988 1178 1063 1211 alae
1082 1178 1351 1212 Theodosianae
1369 1189 1484 1223 nuper
1497 1179 1744 1220 constitutae‚”
1759 1180 1795 1213 id

396 1241 460 1275 est,
473 1240 494 1256 ‘⁶
507 1236 708 1270 Theodosio
721 1235 744 1268 J
747 1235 871 1269 uniore
883 1236 1112 1280 imperante,’'
1126 1236 1186 1269 sed
1201 1240 1236 1269 et
1251 1236 1409 1270 “limitis
1421 1235 1587 1271 Saxonici
1599 1237 1637 1270 in
1649 1236 1796 1272 Britan-

395 1295 455 1328 nia
471 1294 689 1333 constituti,”
712 1293 807 1338 quod
825 1304 919 1327 anno
938 1302 1001 1326 cn.
1020 1292 1166 1332 factum,
1194 1293 1446 1327 invadentibus
1464 1298 1541 1329 tum
1561 1305 1638 1328 eam
1657 1294 1794 1329 insulae

393 1356 531 1396 partem
550 1351 761 1385 saxonibus.
813 1350 913 1384 Beda
930 1350 990 1384 lib.
1011 1359 1036 1383 1.
1058 1350 1196 1384 Histor.
1217 1350 1424 1385 Ecclesiast.
1442 1350 1595 1397 Anglor.
1621 1362 1696 1395 cap.
1717 1360 1792 1386 XII.

393 1418 479 1443 XIV.
532 1408 658 1453 Neque
677 1420 762 1442 vero
779 1409 852 1442 ulla
876 1408 1010 1442 mentio
1034 1408 1159 1441 vicarii
1184 1407 1332 1453 Illyrici,
1357 1409 1453 1453 quod
1477 1420 1518 1443 ea
1540 1420 1628 1455 gens
1653 1410 1793 1443 nullum

393 1467 566 1501 vicarium
585 1466 740 1506 haberet,
760 1466 945 1500 devastata
963 1466 1095 1500 scilicet
1113 1465 1157 1499 ab
1176 1465 1334 1506 Humfis,
1352 1470 1394 1500 ut
1411 1471 1573 1501 auctores
1592 1471 1677 1501 sunt
1695 1466 1793 1501 Zosi-

393 1536 483 1565 mus,
501 1524 524 1558 J
527 1525 712 1564 ornandes,
731 1529 767 1558 et
781 1524 936 1568 Prosper
950 1523 1201 1568 Aquitanicus,
1216 1523 1311 1568 quod
1325 1524 1452 1558 incidit
1465 1524 1503 1558 in
1517 1535 1652 1558 annum
1668 1533 1789 1558 CDLV.

391 1593 505 1627 neque
523 1593 607 1616 sane
625 1581 730 1615 scribi
749 1581 867 1625 potuit
884 1585 965 1624 post
983 1592 1118 1614 annum
1141 1589 1263 1614 CDLV.
1291 1581 1387 1625 quod
1410 1580 1528 1616 Attila
1553 1580 1789 1616 Concordiam

391 1645 426 1674 et
443 1640 649 1684 Aquileiam
666 1650 707 1672 eo
725 1650 819 1673 anno
836 1642 1023 1678 everterat,
1044 1649 1124 1671 cum
1144 1642 1263 1672 tamen
1281 1638 1319 1672 in
1344 1644 1466 1673 nostra
1490 1638 1631 1674 Notitia
1654 1639 1789 1674 mentio

390 1698 437 1732 sit
455 1697 614 1731 thesauri
632 1696 832 1741 Aquileiae,
851 1700 886 1730 et
904 1700 1065 1729 monetae
1082 1696 1213 1730 ibidem
1239 1707 1437 1740 percussae,
1463 1702 1498 1731 et
1517 1696 1787 1731 Concordiensis

388 1755 543 1789 fabricae
569 1760 654 1789 tunc
679 1754 892 1793 extantium,
919 1758 961 1787 ut
986 1757 1080 1787 recte
1105 1752 1270 1788 Andreas
1297 1752 1462 1788 Alciatus
1485 1754 1545 1788 lib,
1573 1763 1612 1788 V.
1640 1754 1786 1800 Parerg.

388 1824 463 1858 cap.
484 1822 576 1847 XIII.
594 1812 823 1847 Breviarium
841 1811 1033 1846 Theodosii
1051 1811 1075 1845 J
1077 1811 1213 1846 unioris
1231 1816 1343 1846 vocet.

437 1870 632 1905 Auctorem
659 1870 737 1916 ejus
763 1881 849 1916 ergo
874 1874 1013 1903 constat
1040 1868 1282 1903 Theodosium
1310 1869 1420 1903 fuisse
1442 1869 1652 1911 Juniorem3
1680 1875 1716 1904 at
1743 1870 1786 1904 de

387 1929 569 1973 scriptore,
595 1929 650 1962 vel
676 1928 916 1972 compilatore,
943 1932 1006 1961 aut
1030 1927 1219 1973 digestore,
1243 1938 1315 1960 non
1333 1938 1444 1972 aeque
1462 1927 1607 1961 obvium
1626 1927 1782 1962 definire.

386 1987 453 2021 CL.
475 1996 510 2020 V.
530 1986 551 2020 J
555 1998 606 2020 ac
626 1986 794 2032 Cujacius
813 1985 979 2019 Mariano
993 1984 1108 2024 Scoto,
1123 1984 1296 2018 monacho
1311 1984 1495 2024 Fuldensi,
1510 1985 1699 2026 attribuit;
1725 1996 1784 2019 cu-

381 2045 442 2089 jus
463 2045 531 2078 viri
550 2055 630 2078 cum
649 2044 898 2078 auctoritatem
918 2043 955 2076 in
974 2042 1138 2077 omnibus
1156 2052 1266 2086 paene
1281 2053 1420 2086 semper
1434 2043 1555 2088 magni
1571 2042 1755 2083 fecerim,'
1746 2055 1784 2077 111

383 2103 449 2137 hoc
466 2114 538 2136 uno
557 2103 660 2136 liceat
677 2102 833 2147 rejicere,
851 2112 934 2135 nam
953 2099 1190 2145 antiquiorem
1209 2101 1323 2134 multo
1341 2100 1438 2133 illius
1456 2100 1580 2144 scripti
1600 2107 1781 2135 auctorem

384 2160 494 2194 fuisse
520 2171 565 2195 ex
590 2160 694 2194 dictis
721 2159 808 2194 satis
838 2159 951 2193 evici:
981 2159 1100 2203 potuit
1130 2162 1251 2191 tamen
1281 2156 1469 2191 Marianus
1504 2158 1780 2202 transcripsisse,

384 2223 491 2262 atque
515 2218 566 2251 ita
589 2218 739 2263 gloriam
766 2217 953 2262 compositi
981 2216 1097 2261 operis
1124 2215 1347 2255 vindicasse3
1375 2215 1471 2260 quod
1497 2214 1702 2259 frequenter
1727 2226 1781 2249 ac-

383 2277 509 2310 cidisse
528 2276 596 2309 viri
615 2276 708 2309 docti
728 2275 857 2314 sciunt,
877 2280 917 2309 ut
935 2274 1181 2318 exscriptoreS‚
1195 2284 1261 2317 pro
1274 2273 1479 2307 auctoribus
1499 2272 1585 2316 ipsis
1603 2272 1716 2306 habiti
1735 2272 1779 2306 ab

382 2333 516 2379 ignaris
542 2333 670 2376 operis,
695 2333 856 2366 incautos
883 2332 1057 2366 fallerent.
1110 2331 1167 2365 Sic
1193 2330 1313 2365 Julius
1340 2330 1475 2370 Celsus,
1502 2331 1564 2375 qui
1592 2330 1779 2364 Commen-

381 2391 491 2425 tarios
511 2390 673 2424 Caesaris
691 2390 938 2434 exscripserat,
957 2394 1081 2423 auctor
1099 2394 1151 2423 est
1170 2388 1396 2423 existimatus
1421 2388 1543 2422 multis
1568 2388 1670 2421 annis
1686 2398 1695 2428 ;
1728 2388 1778 2422 ita

382 2448 599 2489 Marianum,
618 2446 780 2482 Notitiae
798 2452 941 2482 tantum
960 2447 1227 2491 exscriptorem,
1249 2456 1434 2491 perperam
1452 2449 1633 2479 auctorem
1652 2444 1776 2479 fecere.
