2060 2848
684 322 862 356 GENTIS
885 322 1161 362 SCOTORUM,
1186 323 1275 356 LIB.
1299 324 1394 356 XVI.
1668 323 1732 355 565

625 471 858 507 JOANNES
883 472 1294 508 RHETORFORTIS.
1348 473 1455 512 1069.

341 587 364 620 J
369 594 534 621 OANNES
564 586 806 621 Rhetorfortis
837 586 1072 626 Glascuensis,
1103 587 1213 633 vulgo
1232 587 1464 628 Rutherford,
1490 588 1636 622 eandem
1663 588 1727 622 Co-

342 644 552 678 nimbricam
570 654 650 677 cum
668 643 887 678 Buchanano
913 649 949 678 et
970 644 1145 677 Ramsaeo
1162 644 1416 688 professionem
1433 644 1605 679 laboriose
1628 656 1726 680 exer-

342 700 426 740 cuit,
453 705 488 735 et
513 705 644 735 sortem
670 701 757 734 civis
783 701 838 734 sui
864 705 899 735 et
921 701 1072 745 collegae
1090 700 1299 735 Buchanani
1318 702 1496 742 misertus,
1522 701 1659 747 sibique
1682 702 1727 736 ab

341 757 464 791 eodem
481 757 656 791 delatione
672 762 844 797 metuens,
862 757 901 791 in
918 756 1051 790 Gallias
1068 757 1210 791 redivit.
1262 757 1369 792 Prius
1387 758 1425 792 in
1443 758 1562 793 Scotia
1573 757 1726 803 philoso-

340 813 462 857 phiam
478 813 596 848 fuerat
611 813 803 858 professus.
855 813 1023 847 Meminit
1039 811 1155 846 Aldus
1174 813 1361 848 Manutius
1379 815 1417 848 in
1440 815 1657 858 praefatione
1680 816 1725 850 ad

344 869 530 904 Paradoxa
546 870 737 910 Ciceronis,
754 870 872 904 fuerat
889 869 983 903 enim
1000 868 1024 902 J
1025 869 1123 903 acobi
1141 869 1294 904 Critonii
1310 876 1526 915 praeceptor.
1577 871 1725 916 Scripsit

489 926 659 973 Logicam
1197 927 1258 961 lib.
1278 935 1332 960 lv.

489 983 722 1018 Collationem
752 983 1002 1027 Philosophiae
1029 982 1231 1016 Platonicae
1262 987 1298 1017 et
1327 983 1575 1019 Aristotelicae
1609 985 1669 1019 lib.
1699 995 1722 1018 1.

536 1051 607 1085 quo
636 1041 674 1074 in
700 1051 803 1084 opere
832 1039 981 1073 Joannis
1007 1038 1209 1083 Dempsteri
1237 1040 1429 1074 sententias
1459 1041 1629 1085 quasdam
1659 1042 1722 1075 im-

533 1097 720 1142 pugnavit.

488 1153 720 1188 Collationem
741 1153 827 1187 Divi
854 1152 1014 1187 Thomae
1036 1151 1230 1197 Aquinatis
1256 1157 1292 1188 et
1318 1153 1414 1187 Scoti
1439 1153 1478 1188 in
1501 1153 1723 1199 Philosophi-

532 1211 584 1244 cis
600 1210 659 1244 lib.
677 1219 703 1244 1.
721 1221 793 1254 quo
809 1221 913 1254 opere
930 1210 1020 1243 nihil
1036 1209 1246 1243 laboriosius
1264 1214 1327 1244 aut
1345 1210 1494 1244 doctius.

485 1267 728 1301 Praefationes
751 1268 922 1307 solennes,
945 1266 1093 1300 Parisiis
1116 1273 1152 1300 et
1181 1265 1406 1300 Conimbriae
1430 1267 1581 1308 habitas,
1607 1267 1667 1302 lib.
1696 1277 1720 1301 1.

536 1323 677 1358 Extant
694 1324 789 1369 typis
807 1323 1056 1357 Wechelianis.

388 1381 498 1416 Venit
528 1379 710 1414 Lutetiam
739 1391 832 1415 anno
860 1388 997 1414 MDLn.
1048 1378 1142 1413 Acta
1170 1379 1325 1413 nationis
1351 1379 1579 1414 Germanicae
1602 1381 1646 1414 ad
1675 1381 1721 1414 D.

340 1438 458 1473 Cosm.
494 1437 595 1471 Obiit
611 1437 650 1471 in
667 1437 825 1483 Collegio
842 1437 876 1471 S.
893 1436 1089 1470 Salvatoris
1105 1434 1323 1480 Andreapoli
1337 1435 1578 1481 philosophiae
1591 1436 1723 1481 profes-

338 1506 397 1529 sor
414 1505 506 1529 anno
526 1502 718 1528 MDLxxv.

663 1607 934 1642 HERCULES
960 1604 1232 1642 ROLLOCUS.
1287 1607 1392 1644 1070.

341 1722 565 1756 HERCULES
594 1722 760 1756 Rollocus
787 1722 1034 1756 amoenissimo
1056 1721 1199 1767 ingenio
1223 1722 1379 1756 scholam
1401 1720 1720 1768 Edimburgensem

340 1779 443 1818 rexit,
462 1783 497 1812 et
513 1779 636 1813 multis
654 1779 755 1812 annis
773 1778 811 1811 in
829 1779 1021 1813 erudienda
1036 1778 1174 1812 Scotica
1191 1778 1375 1812 nobilitate
1400 1779 1579 1823 impensis,
1605 1779 1720 1813 Musis

339 1836 459 1880 potius
477 1846 583 1879 quam
602 1835 669 1869 sibi
687 1839 792 1868 natus
811 1835 922 1868 videri
940 1839 1089 1878 poterat.
1140 1834 1274 1868 Suaves
1292 1835 1336 1868 ad
1353 1835 1438 1869 haec
1455 1846 1580 1875 mores,
1594 1840 1629 1869 et
1641 1846 1719 1870 eru-

337 1893 412 1926 dito
429 1893 501 1926 sale
519 1891 716 1935 temperati,
734 1895 876 1936 gratum
894 1891 1058 1924 omnibus
1075 1890 1280 1924 efficiebant.
1331 1890 1480 1935 Scripsit

486 1948 761 1982 Observationes
779 1947 816 1981 in
833 1947 1004 1991 quosdam
1021 1947 1195 1981 Auctores
1216 1946 1367 1981 Graecos
1384 1951 1419 1981 et
1436 1947 1584 1981 Latinos
1611 1947 1671 1982 lib.
1692 1956 1716 1981 1.

532 2004 567 2038 N
570 2015 615 2038 on
633 2004 852 2048 prodierunt.

484 2060 672 2095 Orationes
1221 2060 1280 2094 lib.
1301 2069 1327 2093 1.

484 2117 652 2151 Carmina
668 2117 799 2150 diversi
816 2117 954 2162 generis
1221 2116 1282 2151 lib.
1303 2125 1328 2150 1.
1380 2115 1424 2150 In
1446 2116 1502 2150 his
1523 2121 1577 2151 est
1603 2117 1715 2161 ipsius

533 2173 756 2218 querimonia
790 2185 860 2218 qua
890 2173 958 2207 sibi
988 2173 1092 2206 vivus
1120 2172 1302 2207 Phoebeus
1328 2172 1474 2218 Cygnus
1498 2174 1710 2217 parentavit,

531 2241 611 2264 cum
643 2230 681 2263 in
709 2230 872 2264 morbum
899 2230 1090 2269 incidisset,
1120 2240 1164 2263 ex
1188 2229 1326 2263 scholae
1355 2229 1514 2273 publicae
1543 2230 1714 2275 regimine

535 2292 571 2321 et
604 2286 823 2331 praefectura
856 2286 901 2321 ob
930 2285 1010 2319 fidei
1040 2285 1242 2321 Catholicae
1271 2285 1523 2331 professionem
1552 2286 1716 2322 deturba-

535 2348 605 2379 tus·
