2060 2848
660 319 834 352 GENTIS
859 318 1137 357 SCOTORUM,
1162 319 1251 351 LIB.
1278 319 1359 352 XII.
1644 321 1708 353 449

323 415 479 449 cladibus
497 413 666 454 addictos,
684 414 767 447 data
784 424 908 447 rursus
926 413 1178 451 benedictione,
1198 413 1350 447 absolvit
1368 420 1404 447 et
1424 412 1596 447 sanavit.’'

372 471 491 505 Vitam
521 471 598 516 ejus
626 471 768 515 scripsit
796 471 889 504 idem
918 470 1122 515 Sigebertus
1150 469 1422 510 Gemblacensis,
1449 481 1556 514 quam
1583 470 1707 504 recitat

323 527 541 562 Laurentius
559 527 684 562 Surius
697 533 782 562 tom.
798 536 851 561 VI.
870 528 932 572 qui
951 538 1025 571 cap.
1047 536 1072 560 1.
1091 527 1176 560 haec
1193 527 1321 560 habet:
1341 531 1361 546 “
1374 526 1408 560 S.
1422 526 1631 566 Maclovius,
1645 537 1708 560 no-

321 585 457 619 bilitate
474 589 663 629 parentum
682 586 777 629 apud
794 585 955 619 homines
973 584 1080 618 seculi
1098 584 1192 618 inter
1210 594 1291 618 suos
1310 595 1382 617 non
1408 584 1633 617 mediocriter
1656 584 1709 617 in-

320 644 448 688 clytus,
466 643 556 677 citra
573 653 671 676 oram
687 642 886 676 Britannici
905 642 1012 675 maris
1029 641 1100 675 fuit
1121 641 1236 675 editus
1251 650 1259 674 :
1285 645 1386 685 pater
1400 641 1488 686 ejus,
1512 640 1632 674 Guent
1649 652 1709 674 no-

321 700 426 741 mine,
446 711 560 734 comes
578 699 658 740 fuit,
679 700 740 744 qui
758 700 856 733 urbis
871 698 1123 732 Gimicastrum
1137 698 1279 732 nornine
1293 699 1454 732 conditor
1467 698 1608 741 extitit3
1636 709 1710 732 ma-

321 762 411 791 trem
429 757 542 801 ipsius
560 757 697 791 Darual
714 757 923 801 appellatam
943 755 1172 799 accepimus.’'
1218 755 1368 789 Fatetur
1386 756 1479 789 idem
1505 756 1591 789 alios
1618 756 1710 801 ejus-

322 814 400 847 dem
419 818 507 853 acta,
526 815 586 848 sed
605 814 822 858 antiquiores
840 813 1042 847 celebrasse.
1095 811 1152 846 Ita
1169 812 1263 846 enim
1286 812 1325 845 in
1350 812 1515 856 Epistola
1540 813 1584 846 ad
1611 812 1710 847 Tiet-

320 882 459 905 marum
486 870 774 905 Gemblacensem
797 871 978 904 abbatem:
1004 874 1025 889 ‘⁶
1043 869 1129 903 Vita
1157 870 1307 914 piissimi
1335 869 1546 903 confessoris
1573 869 1709 903 Christi

322 927 502 968 Maelovii,
522 928 639 972 quiet
662 928 849 961 Machutes
875 927 990 961 dictus
1016 931 1079 966 est,
1104 927 1293 972 diligenter
1313 931 1488 971 quantum
1513 927 1557 960 ad
1582 927 1710 961 verita-

321 990 391 1019 tem
410 986 578 1019 historiae
596 985 823 1029 antiquorum
843 985 936 1028 stylo
955 988 1030 1017 erat
1048 989 1214 1024 exarata3
1234 984 1294 1017 sed
1312 983 1397 1027 quia
1414 984 1532 1017 minus
1547 984 1708 1017 ordinate

320 1042 488 1088 digesta‚”
505 1041 569 1076 &c.
621 1041 695 1076 Adi
713 1042 758 1075 ad
775 1041 924 1075 Petrum
949 1041 1011 1074 lib.
1031 1049 1070 1073 Χ.
1097 1040 1259 1086 Catalogi
1286 1052 1362 1084 cap.
1388 1049 1503 1076 LXIV.
1527 1040 1703 1074 Trithem.

320 1100 363 1133 de
380 1099 458 1134 Vir.
478 1100 588 1133 illust.
608 1099 735 1133 Ordin.
754 1098 789 1132 S.
809 1098 992 1143 Benedicti
1011 1109 1086 1142 cap.
1105 1106 1236 1131 xxxv,
1288 1096 1382 1131 Acta
1405 1097 1563 1142 ejusdem
1586 1102 1708 1131 extant

321 1156 401 1191 MS.
421 1157 458 1190 in
476 1157 689 1191 bibliotheca
708 1156 893 1195 Vaticana,
913 1155 1069 1189 Baronio
1087 1159 1187 1189 teste.

371 1214 510 1249 Recolit
528 1215 787 1248 sanctissimam
813 1214 889 1258 ejus
911 1213 1116 1246 memoriam
1145 1213 1287 1246 ecclesia
1313 1212 1370 1246 die
1388 1220 1458 1246 XV.
1485 1211 1708 1246 Novembris.

321 1272 556 1317 Martyrolog.
573 1272 723 1305 Roman.
744 1282 784 1305 eo
802 1271 880 1304 die:
900 1275 920 1289 “
935 1269 978 1303 In
997 1270 1186 1303 Britannia
1203 1270 1331 1303 natalis
1347 1268 1383 1303 S.
1403 1269 1566 1302 Machuti
1580 1269 1710 1313 episco—

322 1329 371 1373 pi,
389 1329 450 1373 qui
469 1340 490 1362 a
506 1329 687 1372 primaevo
706 1328 831 1361 aetatis
850 1339 933 1361 suae
951 1327 1125 1371 tyrocinio
1142 1326 1321 1359 miraculis
1343 1326 1520 1359 emicuit.''
1572 1325 1708 1359 Eadem

322 1386 532 1420 recentiores
547 1385 887 1430 Martyrologiorum
900 1392 1070 1422 auctoreS‚
1083 1383 1211 1416 Petrus
1224 1383 1424 1417 Galesinius
1439 1388 1473 1417 et
1487 1384 1557 1417 alii.
1581 1382 1708 1418 Franc.

324 1443 522 1487 Maurolyc.
553 1448 574 1461 ‘⁶
588 1442 622 1475 S.
642 1442 804 1475 Machuti
823 1442 974 1485 episcopi
994 1446 1029 1474 et
1046 1437 1265 1480 confessoris,
1284 1440 1346 1484 qui
1365 1440 1493 1474 claruit
1510 1441 1547 1473 in
1566 1440 1709 1474 Britan-

323 1501 383 1534 nia
410 1500 628 1543 temporibus
657 1498 854 1532 Justiniani
881 1497 1138 1542 imperatoris.’'
1189 1497 1329 1531 Clarius
1356 1497 1512 1531 Joannes
1540 1498 1707 1531 Molanus

323 1557 507 1590 Addition.
523 1556 700 1589 Usuardi:
729 1560 749 1574 “
764 1555 846 1599 Ipso
864 1555 920 1588 die
938 1555 1104 1588 Santonis
1122 1554 1277 1594 civitate,
1303 1555 1479 1598 depositio
1498 1554 1533 1587 S.
1552 1555 1706 1588 Maclovi

326 1614 479 1658 episcopi
506 1618 541 1646 et
567 1613 775 1646 confessoris
802 1613 839 1645 in
864 1610 1063 1650 Britannia,
1090 1611 1176 1645 urbe
1206 1611 1359 1651 Alectes,
1393 1612 1455 1656 qui
1480 1623 1499 1645 a
1527 1612 1708 1655 primaevo

320 1671 450 1704 aetatis
468 1681 552 1704 suae
576 1670 761 1715 tyrocinio,
785 1669 1101 1702 innumerabilibus
1123 1669 1302 1703 miraculis
1330 1669 1510 1712 splendide
1531 1668 1708 1703 emicuit.''

322 1727 428 1761 Falso
455 1727 580 1761 urbem
605 1727 770 1761 Alethem
796 1727 950 1760 natalem
979 1724 1012 1759 S.
1041 1725 1209 1760 Maclovii
1230 1726 1385 1770 patriam
1407 1731 1521 1765 vocat,
1546 1737 1625 1760 cum
1647 1726 1709 1759 illa

321 1785 368 1818 sit
392 1785 429 1817 in
456 1784 590 1818 Minori
618 1784 818 1823 Britannia,
846 1788 1058 1827 voceturque
1085 1783 1120 1817 S.
1148 1782 1246 1816 Malo
1268 1783 1393 1823 hodie3
1423 1783 1523 1823 falso,
1548 1784 1705 1827 inquam,

320 1853 402 1875 nam
421 1841 636 1875 Britannum
654 1841 845 1874 insularem
863 1840 998 1874 faciunt
1015 1851 1147 1880 omnes,
1174 1845 1209 1873 et
1236 1839 1423 1874 Gibertum
1442 1840 1503 1884 qui
1522 1841 1614 1885 leget
1631 1851 1705 1884 cap.

321 1908 408 1932 XXI.
437 1898 538 1932 facile
566 1898 739 1943 intelliget
765 1908 838 1931 non
863 1896 1017 1937 Gallum,
1047 1898 1108 1931 sed
1136 1897 1324 1931 Britannia
1349 1898 1465 1931 insula
1492 1898 1702 1931 oriundum:

323 1961 343 1976 “
362 1956 457 1989 Nam
483 1966 546 1999 per
570 1955 732 1988 scandala
754 1955 944 1999 impiorum
971 1956 1138 1998 expulsus
1165 1967 1185 1988 a
1208 1966 1272 1988 suo
1296 1955 1509 1998 episcopatu,
1537 1959 1706 1999 apparato

322 2014 435 2060 omnis
455 2011 681 2057 profectionis
699 2016 907 2050 commeatu,
926 2012 1068 2045 collecto
1086 2023 1225 2056 quoque
1239 2011 1318 2045 fidei
1333 2012 1583 2045 monachorum
1603 2011 1706 2045 disci-

321 2071 458 2115 pulatu,
477 2071 602 2114 longae
621 2068 859 2114 navigationis
878 2072 999 2102 exacto
1018 2080 1134 2108 cursu,
1158 2069 1300 2102 tandem
1325 2069 1459 2112 potitus
1487 2068 1705 2113 Aquitaniae

321 2127 475 2173 regionis
497 2131 614 2170 portu,
639 2130 674 2159 et
697 2126 885 2159 deveniens
910 2126 954 2159 ad
975 2130 1093 2169 partes
1115 2125 1323 2160 Santonicae
1353 2126 1462 2166 urbis,
1486 2127 1602 2170 primo
1631 2137 1704 2160 om-

320 2185 420 2218 nium
438 2184 729 2229 interrogandum
748 2193 822 2215 esse
840 2183 981 2226 putavit
994 2183 1023 2216 si
1042 2183 1111 2216 illis
1130 2183 1166 2215 in
1184 2183 1268 2216 locis
1286 2183 1423 2228 vigeret
1440 2183 1530 2217 ritus
1553 2183 1702 2217 Christi-

320 2241 496 2276 anitatis.’'
548 2240 586 2273 Si
615 2240 766 2273 Alethae
796 2244 912 2279 natus,
939 2245 980 2274 ut
1006 2240 1186 2273 contendit
1216 2239 1393 2279 Molanus,
1422 2241 1598 2283 quomodo
1633 2239 1703 2274 fuit

320 2300 352 2332 ei
369 2300 496 2344 longus
521 2297 758 2343 navigationis
782 2297 818 2329 in
847 2296 1018 2331 Santones
1045 2297 1178 2330 vicinos
1202 2297 1354 2330 cursus?
1407 2296 1542 2331 Deinde
1567 2309 1639 2337 cur,
1658 2308 1704 2331 an

321 2356 516 2390 Christiani
551 2355 600 2388 ibi
636 2355 797 2399 vigerent
831 2354 957 2394 cultus,
990 2353 1195 2399 ignoravit?
1248 2352 1338 2387 Esto
1373 2354 1484 2399 igitur
1511 2365 1634 2387 verum
1666 2355 1703 2388 in

321 2413 438 2447 Scotia
466 2417 603 2452 natum,
635 2413 715 2446 sede
744 2422 808 2445 sua
838 2411 1024 2456 episcopali
1059 2411 1174 2455 patria
1209 2411 1394 2456 dejectum,
1429 2412 1466 2444 in
1496 2411 1702 2446 Aremorica
