2060 2848
660 307 835 340 GENTIS
859 306 1135 346 SCOTORUM,
1160 307 1249 339 LIB.
1276 307 1358 339 XII.
1628 307 1711 338 *453

707 458 742 492 S.
771 456 1183 492 MAGLASTIANUS.
1236 459 1321 495 849.

324 572 361 606 S.
388 572 721 607 MAGLASTIANUS
746 574 929 617 episcopus
956 583 999 606 ex
1024 583 1065 606 eo
1091 572 1275 606 doctorum
1300 583 1407 618 grege
1437 572 1518 612 fuit,
1544 573 1606 617 qui
1632 571 1708 606 An-

322 630 443 675 gliam,
462 629 626 670 Galliam,
646 629 886 669 Germaniam,
904 629 1116 674 Italiamque
1134 629 1230 663 fama
1247 634 1282 664 et
1301 630 1428 664 merito
1455 630 1704 673 impleverunt.

322 687 446 721 Socius
464 686 621 726 Alcuini,
640 687 843 727 Clementis,
867 686 1018 726 Rabani,
1042 692 1077 720 et
1102 686 1263 727 Joannis,
1290 687 1381 720 nihil
1407 687 1538 727 omisit,
1566 686 1636 720 illis
1663 688 1707 720 ad

324 744 491 778 Carolum
510 744 684 789 Magnum
711 744 920 784 amandatis,
947 755 1018 788 quo
1044 755 1147 778 verae
1164 744 1307 788 pietatis
1325 745 1420 788 apud
1438 755 1519 778 suos
1537 744 1707 778 honorem

321 806 554 845 promoveret.
612 801 761 845 Scripsit

471 858 636 903 Hymnos
654 869 770 893 sacros
1206 859 1267 893 lib.
1288 868 1313 892 1.

371 915 474 950 Vixit
486 926 579 950 anno
593 924 819 950 DCCCXVIH.
854 915 994 950 Colitur
1007 916 1063 949 die
1078 925 1179 950 xxx.
1194 915 1218 949 J
1220 916 1370 950 anuarii.
1406 916 1567 951 Breviar.
1581 916 1704 950 Scotic.

764 1029 800 1063 S.
828 1029 1123 1064 MEDOTHUS.
1177 1033 1258 1064 850.

322 1145 357 1178 S.
390 1144 624 1178 MEDOTHUS
656 1145 845 1189 episcopali
871 1144 1047 1190 dignitate
1073 1144 1247 1178 Scoticam
1274 1145 1464 1186 ecclesiam,
1496 1145 1564 1179 fide
1589 1146 1703 1179 adhuc

321 1202 402 1236 rudi
421 1206 456 1235 et
473 1207 636 1236 nascente
653 1202 796 1246 pietate,
815 1207 869 1236 est
887 1202 1100 1242 moderatus,
1118 1213 1163 1236 ex
1181 1213 1303 1236 eorum
1329 1203 1532 1237 antistitum
1558 1214 1705 1236 numero

322 1260 384 1304 qui
415 1271 435 1293 a
461 1259 604 1293 Culdeis
636 1260 748 1299 electi,
779 1259 911 1304 ubique
943 1259 1045 1304 regni
1073 1260 1226 1293 ecclesiis
1252 1265 1449 1304 praeerant,
1475 1261 1564 1295 nulli
1590 1265 1705 1294 certae

323 1317 396 1350 sedi
415 1316 563 1350 astricti.
616 1315 765 1360 Scripsit

471 1373 605 1407 Contra
624 1373 805 1407 Idolorum
823 1373 1030 1407 Vanitatem
1255 1374 1318 1408 lib.
1339 1383 1364 1407 Ι.

470 1430 525 1464 De
543 1430 760 1474 Contemptu
776 1429 945 1464 falsorum
964 1429 1123 1464 Deorum
1255 1431 1316 1464 lib.
1336 1440 1362 1464 1.

473 1486 650 1520 Homilias
1258 1488 1318 1521 lib.
1339 1496 1364 1521 Ι.

473 1543 544 1577 Pro
562 1543 732 1583 Ecclesia,
751 1544 795 1577 ad
813 1544 1082 1577 Crathlinthum
1095 1543 1242 1589 Regem,
1257 1544 1318 1578 lib.
1339 1553 1364 1577 1.

373 1601 514 1635 Floruit
532 1612 625 1635 anno
643 1609 840 1634 CCCXVIH.
884 1601 1025 1635 Colitur
1042 1601 1157 1645 pridie
1175 1602 1310 1635 calend.
1330 1601 1500 1636 Februar.
1545 1603 1704 1637 Breviar.

325 1659 417 1693 Scot.

778 1772 813 1806 S.
841 1772 1127 1807 MINNANUS.
1179 1775 1261 1807 851.

327 1887 362 1920 S.
383 1886 615 1919 MINNANUS
642 1886 909 1920 archidiaconus
928 1887 1054 1920 celebri
1073 1888 1215 1920 nomine
1233 1894 1268 1921 et
1285 1889 1428 1932 pietatis
1446 1893 1481 1923 et
1498 1890 1705 1924 eruditionis

328 1943 455 1989 viguit,
474 1943 676 1976 carissimus
695 1942 884 1977 Kennetho
901 1943 990 1989 regi,
1009 1954 1089 1977 cum
1107 1955 1178 1987 quo
1197 1949 1313 1978 totum
1339 1956 1490 1991 regnum
1516 1947 1707 1987 lustravit3

329 2011 439 2044 eoque
456 2000 643 2039 exstincto,
661 2000 756 2043 quod
774 2001 948 2044 perditam
967 2000 1121 2034 Donaldi
1139 2000 1183 2034 V.
1202 2002 1296 2046 regis
1316 2003 1495 2036 luxuriam
1522 2003 1614 2037 ferre
1639 2015 1710 2038 non

328 2061 457 2102 posset,
477 2057 557 2090 aula
575 2057 739 2090 secessit:
761 2062 842 2100 post
860 2058 936 2102 ejus
954 2056 1062 2091 funus
1080 2058 1244 2091 acerbum
1262 2059 1377 2093 denuo
1395 2061 1489 2104 apud
1507 2060 1711 2095 Constanti-

329 2125 415 2148 num
434 2113 484 2147 ΙΙ.
502 2125 621 2158 regem
641 2125 770 2159 magno
789 2115 864 2147 loco
882 2114 963 2148 fuit.
1015 2113 1164 2158 Scripsit

476 2170 531 2204 De
549 2170 709 2215 legitima
727 2170 852 2204 Pictici
872 2170 989 2216 Regni
1007 2182 1087 2204 cum
1105 2171 1242 2206 Scotico
1259 2172 1400 2208 Unione
1459 2174 1519 2209 lib.
1540 2185 1564 2209 Ι.

477 2227 691 2272 Apologiam
710 2238 774 2271 pro
793 2227 891 2273 Rege
1459 2232 1520 2266 lib.
1541 2242 1566 2266 1.

377 2285 480 2319 Vixit
498 2295 591 2318 anno
610 2293 896 2318 DCCCLXXVIII.
949 2284 1088 2319 Colitur
1114 2285 1170 2319 die
1197 2294 1222 2319 1.
1250 2286 1385 2322 Martii.
1438 2288 1598 2324 Breviar.
1618 2289 1710 2325 Scot.

331 2342 520 2387 Templum
539 2342 569 2376 ei
592 2342 630 2375 in
649 2341 859 2383 Gallovidia,
879 2343 935 2376 cui
953 2353 1082 2376 nomen
1100 2342 1320 2379 Kilminnan.

1006 2408 1033 2433 R
