2060 2848
387 288 451 318 620
775 287 1008 320 HISTORIA
1033 287 1407 321 ECCLESIASTICA

390 394 576 422 canonum,
607 387 643 416 et
672 383 837 417 omnibus
868 383 1005 418 artibus
1035 382 1240 417 liberalibus
1271 383 1465 427 praeditus,
1495 382 1670 417 Clementi
1701 382 1786 416 V11.

389 440 701 480 familiarissimus,
732 439 920 475 Avenione
951 440 1212 475 referendarius
1239 445 1275 474 et
1300 440 1444 475 auditor
1469 440 1692 485 praecipuus,
1718 451 1789 474 non

391 498 533 537 electus,
564 498 624 531 sed
655 503 853 542 spontanea
882 498 1086 543 provisione
1116 509 1229 542 papae
1255 498 1473 542 episcopatui
1500 497 1789 532 Sanctandreano

390 555 591 599 impositus,
625 559 769 589 mortuo
804 555 999 590 Wilhelmo
1028 554 1206 589 Landalli.
1269 555 1329 589 Ad
1367 555 1470 601 quus
1509 555 1659 589 eximiae
1697 566 1791 589 com-

387 612 628 646 mendationis
658 612 817 652 titulum,
847 613 972 647 audita
996 613 1181 647 vacatione
1207 613 1432 657 episcopatus
1458 612 1492 646 S.
1517 612 1695 652 Andreae,
1722 612 1790 645 fer·

391 675 452 703 tur
469 670 512 703 de
529 680 570 703 eo
587 680 716 714 papam
734 670 910 709 retulisse,
928 670 1026 714 quod
1043 669 1136 703 idem
1163 668 1348 703 Walterus
1373 670 1528 715 dignior,
1550 670 1688 715 judicio
1713 682 1789 708 suo,

390 731 466 761 erat
483 731 618 771 papatu
635 737 745 771 quam
762 726 1002 770 episcopatu.''
1044 724 1138 760 Erat
1155 725 1224 766 hic,
1242 731 1282 760 ut
1302 727 1463 771 ejusdem
1480 726 1563 761 libri
1581 737 1656 771 cap.
1676 736 1791 761 XLVI.

390 784 553 823 habetur,
590 788 611 803 “
637 783 805 817 mediocri
839 784 1006 827 prosapia
1038 783 1194 829 genitus,
1226 788 1262 817 et
1289 783 1476 817 nobilitate
1507 794 1647 817 morum
1678 795 1806 829 genus-

391 842 551 875 excessit.
606 841 744 875 Censor
774 852 915 875 morum
947 845 983 875 et
1013 845 1190 875 corrector
1220 840 1405 880 vitiorum,
1435 852 1507 885 quo
1541 841 1662 875 nullus
1696 852 1792 875 seve-

391 900 466 934 rior
495 899 534 933 in
564 899 785 945 corrigendo,
818 899 1040 933 mansuetior
1068 898 1107 932 in
1137 898 1350 938 miserando,
1381 898 1562 943 profusior
1597 898 1635 932 in
1662 910 1793 943 expen-

392 957 518 998 dendo,
538 956 716 991 affabilior
732 957 770 990 in
788 956 977 1001 loquendo,
1004 956 1207 1000 promptior
1232 955 1271 990 in
1289 955 1565 990 subveniend0.”
1617 955 1793 990 Columna

392 1015 566 1055 ecclesiae,
585 1018 621 1048 et
643 1025 706 1049 vas
730 1014 953 1060 eloquentiae
979 1013 1187 1048 dicebatur:
1213 1014 1270 1047 cui
1298 1013 1365 1047 hoc
1390 1013 1616 1058 epitaphium
1642 1005 1792 1058 apposu-

393 1077 520 1106 erunt:

696 1128 755 1156 Hic
770 1128 820 1156 flos
834 1128 980 1161 ecclesiae,
996 1127 1105 1157 directa
1119 1127 1261 1161 columna,
1275 1127 1403 1156 fenestra

695 1175 818 1208 Lucida,
833 1175 1016 1204 thuribulum
1029 1175 1171 1208 redolens,
1186 1184 1323 1213 campana
1336 1183 1445 1203 sonora.

441 1240 581 1284 Scripta
598 1240 642 1274 ab
660 1240 860 1280 haereticis,
879 1240 1024 1274 Knoxio
1041 1240 1140 1280 duce,
1159 1244 1298 1279 exusta,
1316 1240 1378 1273 sed
1395 1239 1511 1284 apices
1530 1240 1594 1274 hos
1612 1242 1727 1284 accepi
1742 1250 1749 1272 :

545 1298 600 1332 De
618 1298 728 1333 Curia
745 1298 990 1333 Avenionensi
1009 1297 1215 1332 Relationes
1685 1298 1745 1332 lib.
1768 1308 1791 1331 1.

542 1356 695 1390 Decreta
713 1356 907 1401 Synodalia
1031 1355 1093 1390 lib.
1114 1364 1139 1389 1.
1204 1354 1260 1389 De
1281 1354 1490 1389 Christiana
1508 1355 1643 1389 Militia
1685 1355 1745 1389 lib.
1768 1365 1791 1388 1.

543 1412 736 1447 Tractatus
754 1413 793 1447 in
805 1413 829 1446 J
832 1425 895 1447 ure
909 1413 1018 1448 Civili
1034 1413 1095 1448 lib.
1115 1423 1142 1448 1.
1205 1412 1262 1447 De
1281 1412 1523 1458 Indulgentiis
1686 1413 1746 1447 lib.
1767 1423 1792 1446 1.

543 1470 599 1504 De
616 1470 998 1505 Excommunicatione
1686 1471 1746 1505 lib.
1768 1480 1792 1504 Ι.

545 1529 713 1562 Solenues
732 1528 770 1561 in
787 1527 810 1561 J
813 1539 876 1561 ure
895 1527 1076 1562 Canonico
1094 1528 1329 1568 Quaestiones
1684 1529 1745 1562 lib.
1766 1538 1790 1561 1.

443 1587 590 1620 Electus
618 1589 672 1619 est
702 1596 796 1619 anno
822 1593 1096 1619 MCCCLXXXV.
1148 1585 1249 1620 Obiit
1277 1596 1362 1620 vero
1390 1594 1553 1619 MCCCCI.
1580 1591 1661 1629 post
1686 1597 1791 1630 quem

397 1644 542 1679 ecclesia
559 1654 599 1677 ea
617 1647 759 1687 pastore
777 1642 893 1675 caruit
911 1651 1013 1675 xxx.
1033 1643 1214 1677 mensibus
1233 1643 1341 1677 totis:
1369 1643 1484 1676 dicam
1510 1643 1547 1677 in
1574 1645 1791 1678 successione

396 1703 493 1737 illius
511 1706 653 1735 sanctae
671 1700 776 1734 sedis.
829 1699 933 1734 Beati
953 1700 1059 1734 titulo
1076 1711 1157 1734 eum
1176 1700 1329 1734 honorat
1346 1700 1505 1740 Brunus,
1529 1711 1573 1734 ex
1591 1701 1678 1734 actis
1696 1701 1792 1734 illius

396 1759 572 1794 ecclesiae.

752 1872 788 1907 S.
816 1872 1091 1907 TURGOTUS
1118 1873 1199 1908 AB.
1226 1873 1273 1908 E.
1327 1875 1434 1907 1143.

398 1991 433 2025 S.
462 1990 696 2029 TURGOTUS,
728 1990 785 2023 vel
813 1988 1018 2034 Turgodus,
1046 1989 1179 2036 Roger.
1207 1989 1250 2023 de
1281 1988 1456 2023 Hoveden
1485 1989 1617 2023 Annal.
1645 1996 1736 2034 part.
1766 2002 1790 2025 1.

398 2060 479 2094 pag.
512 2055 662 2081 chxx.
698 2047 821 2093 magni
855 2046 1011 2080 nominis
1046 2047 1113 2087 vir,
1154 2046 1190 2081 S.
1228 2047 1419 2081 Malcolmo
1454 2046 1524 2081 111.
1563 2048 1639 2094 regi
1676 2060 1716 2082 ac
1754 2049 1790 2082 S.

399 2106 624 2151 Margaretae
659 2104 804 2150 reginae
833 2115 855 2141 a
885 2104 1040 2138 secretis.
1091 2103 1305 2139 Audiendus
1338 2103 1443 2138 Hect.
1471 2104 1600 2139 Boeth.
1628 2106 1688 2140 lib.
1717 2115 1790 2140 ΧΠ,

401 2163 538 2197 Histor.
570 2161 664 2196 Scot.
695 2173 778 2208 pag.
811 2170 931 2196 CCLx.
971 2166 992 2181 ‘⁶
1018 2161 1241 2202 Malcolmus,
1271 2162 1393 2196 diruto
1420 2162 1533 2197 veteri
1558 2161 1790 2198 Dunelmensi

402 2221 544 2264 templo,
571 2219 655 2254 novi
678 2211 915 2254 ‘fundamenta
932 2219 1031 2264 jecit,
1054 2217 1249 2254 Wilhelmo
1275 2230 1394 2253 sacrae
1420 2220 1517 2254 illius
1544 2220 1635 2254 sedis
1663 2222 1794 2265 episco-

400 2289 457 2322 po,
490 2282 526 2311 et
555 2276 719 2323 Turgoto
749 2277 878 2321 priore,
910 2277 989 2310 viro
1019 2276 1242 2311 sanctissimo
1268 2277 1590 2322 eruditissimoque,
1622 2279 1683 2322 qui
1714 2285 1793 2322 post

402 2336 624 2380 aliquantum
654 2334 824 2380 temporis
855 2333 891 2368 S.
923 2333 1089 2368 Andreae
1119 2333 1234 2369 factus
1265 2335 1449 2379 episcopus
1480 2335 1591 2369 vitam
1628 2336 1663 2369 S.
1696 2336 1793 2370 Mar—
