2060 2848
372 335 437 365 384
754 334 986 367 HISTORIA
1011 334 1386 366 ECCLESIASTICA

701 487 999 522 GULIELMUS
1025 486 1306 522 JARDANUS.
1363 489 1444 524 720.

379 603 628 637 GUL1ELMUS
646 603 837 643 Jardanus,
857 603 895 637 in
913 602 1084 643 Merchia,
1110 603 1227 637 vicino
1245 602 1400 649 Angliae
1424 602 1606 642 comitatu,
1632 602 1669 636 in
1693 602 1774 636 Sco-

379 661 429 694 tia
459 666 576 701 natus,
608 662 645 694 in
677 661 794 694 Scotia
822 661 1003 700 educatus,
1034 660 1080 694 D.
1112 659 1300 694 Dominico
1332 671 1368 694 se
1396 659 1614 703 mancipans,
1644 660 1773 693 missus

378 718 568 758 oxoniam,
595 724 636 752 ut
660 718 840 752 institutio
864 718 1063 751 academiae
1086 718 1182 751 illius
1208 717 1431 762 praeferebat
1457 728 1501 750 ex
1528 718 1668 752 decreto
1695 728 1774 751 con-

378 776 448 809 cilii
476 775 689 810 Viennensis
715 775 782 809 sub
809 775 990 809 Clemente
1016 774 1061 808 V.
1088 779 1129 808 ut
1156 786 1258 818 saepe
1285 775 1373 809 dixi.
1426 773 1481 808 Ibi
1503 774 1694 814 Jardanus,
1722 775 1774 808 in-

379 834 536 867 credibili
555 834 673 867 studio
691 833 907 878 theologiam
927 843 1122 876 capessenS‚
1149 843 1271 866 omnes
1295 832 1350 865 sui
1376 832 1485 866 seculi
1511 832 1614 866 facile
1638 837 1719 876 post
1738 843 1774 866 se

377 891 533 935 reliquit,
552 896 587 925 et
605 890 776 925 doctorali
799 890 897 934 apice
915 890 1110 936 insignitus
1129 889 1174 923 ad
1192 889 1418 923 scribendum
1444 889 1603 923 animum
1632 900 1774 934 compu-

377 950 430 988 lit,
450 954 485 983 et
502 959 630 994 graves
648 948 803 992 suscepit
827 947 1086 981 controversias
1111 958 1190 980 cum
1216 947 1304 980 viris
1329 947 1555 986 doctissimis,
1581 947 1617 980 in
1645 947 1775 991 quibus

377 1006 536 1041 Utredus
555 1006 682 1040 Boltus
709 1005 973 1045 Benedictinus,
1000 1010 1035 1039 et
1062 1004 1219 1039 Joannes
1247 1005 1478 1038 Marchilleus
1505 1004 1775 1044 Franciscanus,

378 1069 419 1098 ut
450 1069 573 1098 auctor
596 1069 649 1098 est
672 1063 836 1097 Adamus
863 1062 1108 1097 Cistereiensis
1136 1063 1172 1096 in
1200 1061 1387 1096 Chronico.
1441 1061 1617 1107 Plerique,
1645 1063 1776 1096 vicinia

378 1124 535 1157 locorum
554 1122 701 1165 decepti,
721 1126 756 1155 et
773 1121 973 1155 tacentibus
992 1120 1225 1165 scriptoribus
1244 1120 1477 1160 nostratibus,
1496 1120 1598 1153 illum
1612 1119 1774 1166 Anglum

378 1181 557 1219 dixerunt,
577 1190 656 1212 cum
675 1179 893 1224 singularem
913 1178 1107 1212 amicitiam
1125 1189 1204 1212 cum
1220 1178 1407 1218 Mauritio,
1426 1177 1686 1212 Dumblanensi
1702 1179 1775 1222 epi-

379 1249 494 1282 scopo,
509 1237 717 1276 exercuerit,
732 1236 794 1281 qui
804 1236 982 1281 juvenilia
997 1236 1108 1280 ipsius
1127 1236 1248 1270 studia
1265 1236 1481 1269 liberalitate
1500 1246 1564 1269 sua
1582 1237 1774 1280 promovit,

378 1300 419 1329 ut
444 1294 619 1341 Georgius
638 1294 827 1328 Neutonus
846 1293 1115 1327 archidiaconus
1135 1294 1270 1328 scribit.
1325 1293 1436 1327 Hunc
1464 1294 1666 1340 catalogum
1693 1305 1773 1338 ope.

379 1364 458 1387 rum
479 1353 591 1397 ipsius
611 1352 731 1386 inveni
749 1361 757 1384 ι

528 1410 812 1444 Commentarios
832 1409 870 1442 in
888 1408 1091 1453 Epistolam
1109 1409 1155 1443 ad
1173 1408 1356 1443 Romanos
1469 1408 1531 1442 lib.
1552 1417 1577 1442 1.

525 1468 580 1501 De
598 1467 708 1501 libera
727 1466 911 1501 Electione
930 1471 1012 1501 ante
1031 1466 1187 1500 Mortem
1470 1466 1531 1500 lib.
1552 1476 1578 1500 1.

526 1526 581 1560 De
599 1527 691 1559 clara
710 1524 778 1558 Dei
795 1524 942 1558 Visione
1470 1524 1530 1558 lib.
1551 1534 1577 1558 1.

526 1583 640 1627 Super
658 1582 860 1616 Sententias
1469 1582 1531 1616 lib.
1552 1591 1604 1616 IV.

526 1640 851 1674 Determinationes
870 1640 987 1674 varias
1467 1639 1528 1674 lib.
1549 1650 1574 1674 Ι.

528 1698 663 1732 Contra
681 1697 848 1731 Studium
867 1696 1128 1732 Monac-horum
1471 1697 1533 1731 lib.
1554 1706 1579 1731 1.

529 1756 763 1795 Quaestiones
782 1755 824 1788 de
843 1754 1082 1799 Conceptione
1100 1754 1144 1789 B.
1164 1753 1329 1801 Virginis
1468 1755 1529 1789 lib.
1550 1764 1575 1789 Ι.

528 1813 714 1847 Sermones
733 1813 888 1846 curiosos
1470 1813 1531 1847 lib.
1553 1823 1577 1846 1.

528 1871 664 1905 Contra
683 1870 882 1903 Positiones
902 1869 1054 1904 Wicleffi
1468 1870 1529 1904 lib.
1550 1880 1575 1904 1.

528 1928 599 1962 Pro
618 1927 807 1962 Fratribus
827 1927 1127 1968 Mendicantibus,
1146 1932 1271 1962 contra
1288 1927 1477 1968 Utredum,
1497 1928 1772 1966 Benedictinum

576 1985 806 2025 Monachum,
1470 1986 1531 2020 lib.
1552 1995 1577 2020 Ι.

429 2044 569 2079 Claruit
587 2054 680 2077 anno
700 2052 849 2077 MCCCL.
868 2044 1033 2087 pervenit
1050 2054 1164 2089 usque
1182 2043 1226 2077 ad
1246 2054 1380 2078 annum
1400 2052 1614 2078 MCCCLXX.

864 2166 886 2201 J
890 2167 960 2202 ΟΝ
961 2166 1148 2202 ATHAS.
1203 2170 1285 2206 721.

381 2283 613 2323 JONATHAS,
644 2288 684 2316 ut
713 2283 926 2327 quibusdam
956 2283 1110 2324 videtur,
1142 2282 1374 2318 Carmelitani
1401 2283 1535 2318 ordinis
1567 2284 1695 2324 socius,
1722 2295 1775 2318 or-

381 2341 456 2375 dini
475 2341 526 2374 illi
551 2352 587 2374 se
611 2341 748 2374 addixit
771 2341 809 2374 in
835 2341 997 2385 partibus
1023 2341 1284 2380 transmarinis,
1312 2346 1353 2375 ut
1378 2341 1416 2375 in
1443 2341 1675 2375 Collectaneis
1701 2340 1776 2375 Gil-

380 2399 471 2433 berti
490 2398 606 2432 Bruni
623 2398 794 2432 habetur:
821 2399 921 2432 locus
945 2398 1174 2443 professionis
1193 2398 1263 2432 fuit
1283 2398 1410 2439 Roma,
1436 2399 1530 2433 unde
1557 2400 1594 2433 in
1621 2398 1776 2433 Scotiam
