2060 2848
405 316 469 346 502
786 312 1019 346 HISTORIA
1043 311 1419 345 ECCLESIASTICA

870 464 906 498 S.
933 463 1198 499 NINIANUS.
1251 466 1336 502 954.

410 585 432 600 ‘⁶
457 580 493 614 S.
521 579 557 614 N
561 587 747 620 INIANUS‚
774 579 959 614 Pictorum
985 579 1181 624 episcopus,
1207 579 1306 625 regio
1332 578 1594 613 Britannorum
1619 580 1804 625 sanguine,

409 638 562 672 Romam
580 637 679 672 venit
696 636 932 671 adolescens.'’
981 636 1118 671 Anton.
1138 636 1323 670 Possevin.
1342 634 1519 680 Apparat.
1539 636 1637 671 Sacr.
1663 648 1745 682 pag.
1765 645 1804 670 D.

407 695 527 730 Verba
544 695 651 729 etiam
670 695 845 729 ascribam
864 693 970 728 Hect.
990 693 1137 727 Boethii
1154 693 1216 727 lib.
1237 702 1311 727 vu.
1334 692 1474 728 Histor.
1495 693 1589 728 Scot.
1608 706 1690 740 pag.
1709 703 1803 728 cxv,

410 758 430 772 ‘⁵
449 753 549 787 Inter
569 757 711 787 nostros
737 751 918 785 Ninianus
944 750 1141 795 episcopus,
1168 751 1357 785 sanctitate
1383 755 1419 784 et
1443 751 1626 785 miraculis
1652 752 1804 786 clarissi—>

406 821 497 850 mus,
516 821 556 844 ac
574 809 685 843 Casae
703 808 884 842 Candidae
902 807 1114 852 pontificalis
1132 808 1170 841 in
1188 807 1316 841 Galdia
1334 808 1427 842 sedis
1448 808 1588 852 primus
1606 808 1805 849 institutor,

405 867 467 902 ubi
486 872 521 902 et
545 867 668 901 aedem
689 866 850 900 condidit
875 865 920 898 D.
946 864 1107 898 Martino
1133 875 1198 899 suo
1223 865 1402 898 avunculo
1427 875 1590 906 sacram3
1618 865 1806 900 Scotorum

406 925 580 965 videlicet,
614 924 811 963 Pictorum,
838 922 1103 967 Britonumque
1132 922 1257 956 doctor
1286 926 1322 956 et
1351 922 1593 966 paedonomus
1624 934 1697 957 non
1728 925 1807 958 vul-

403 983 512 1029 garis,
531 986 566 1016 et
584 993 625 1015 eo
649 981 794 1015 nomine
820 980 986 1014 omnibus
1013 980 1076 1023 qui
1101 979 1294 1013 Albionem
1320 980 1482 1013 incolunt
1508 981 1565 1014 vel
1590 980 1657 1014 hac
1683 986 1808 1015 nostra

406 1044 520 1074 aetate
550 1039 589 1072 in
615 1039 730 1072 multa
755 1038 983 1072 veneratione
1008 1035 1188 1071 habitus.’'
1240 1036 1341 1070 Idem
1369 1038 1407 1071 in
1431 1037 1681 1082 Descriptione
1711 1038 1805 1073 Scot-

406 1103 427 1117 “
445 1097 606 1131 Candida
625 1096 727 1136 Casa,
745 1094 793 1130 D.
816 1095 975 1129 Niniano
994 1106 1103 1134 sacra,
1130 1094 1265 1129 habens
1292 1094 1501 1128 coenobium
1527 1095 1566 1128 in
1592 1106 1663 1140 quo
1689 1098 1807 1140 sepul-

404 1155 529 1189 chrum
548 1165 589 1188 ac
606 1153 777 1198 reliquiae
803 1153 873 1186 viri
900 1151 1151 1186 sanctissimi.''
1202 1151 1341 1186 Eadem
1365 1151 1523 1186 Joannes
1549 1151 1720 1187 Leslaeus
1743 1155 1805 1188 lib.

406 1222 459 1247 iv.
478 1224 560 1258 pag.
580 1220 742 1245 CXXXII.
796 1210 933 1256 Magna
949 1210 1008 1244 hic
1025 1210 1279 1244 miraculorum
1296 1210 1413 1256 gloria
1431 1221 1540 1255 supra
1559 1221 1680 1244 omnes
1707 1212 1805 1246 illius

404 1271 541 1304 insulae
559 1269 661 1302 divos
678 1267 986 1312 frequentabatur,
1004 1271 1211 1311 nuncupato
1228 1266 1306 1301 Deo
1324 1267 1391 1301 sub
1404 1267 1631 1302 invocatione
1648 1269 1805 1304 nominis

403 1328 516 1372 ipsius
534 1336 675 1361 summo
697 1324 1021 1368 archiepiscopatus
1041 1323 1268 1359 Glascuensis
1286 1326 1431 1369 templo.
1485 1324 1633 1359 Celebre
1656 1326 1745 1359 illud
1763 1327 1807 1360 de

403 1385 543 1419 Davide
560 1394 642 1429 rege
664 1383 709 1416 ad
727 1381 959 1415 Dunelmiam
977 1382 1074 1415 victo
1100 1382 1184 1422 acie,
1208 1382 1308 1427 quod
1332 1383 1478 1417 annales
1503 1383 1618 1417 nostri
1644 1383 1806 1418 referunt

403 1443 469 1478 sub
495 1452 629 1476 annum
657 1447 921 1473 MCCCXLVIII.
950 1443 972 1458 “
990 1440 1102 1473 telum
1129 1439 1224 1485 regis
1252 1439 1360 1473 tibiae
1387 1439 1539 1474 infixum
1567 1441 1706 1475 extrahi
1733 1452 1806 1476 non

402 1500 533 1545 potuit,
561 1498 770 1543 priusquam
797 1495 834 1530 S.
864 1495 1063 1530 Ninianum
1091 1496 1274 1537 inviseret,
1306 1497 1384 1531 visa
1410 1498 1504 1531 enim
1532 1502 1610 1532 tum
1637 1503 1691 1532 est
1717 1499 1806 1533 tibia

406 1556 596 1591 manifesto
614 1554 745 1599 aperiri
763 1564 803 1587 ac
822 1553 933 1587 telum
951 1554 1147 1597 prosilire.”

452 1614 738 1659 Cognomentum
764 1610 849 1644 huic
866 1614 931 1650 est,
956 1611 1151 1645 secundum
1173 1612 1272 1652 alios,
1298 1612 1495 1654 Venedota,
1522 1618 1560 1647 at
1585 1613 1664 1647 aliis
1690 1615 1805 1658 placet

402 1671 590 1707 Bernicius
606 1679 616 1710 3
643 1673 826 1712 utcunque
844 1678 881 1701 se
899 1678 955 1701 res
973 1668 1113 1709 habeat,
1131 1668 1202 1702 fuit
1220 1680 1305 1704 sane
1333 1671 1390 1704 vir
1415 1681 1566 1716 magnae
1592 1672 1803 1713 sanctitatis,

402 1730 499 1764 vitae
524 1727 691 1762 illibatae.
737 1725 848 1759 Plura
873 1725 969 1770 apud
995 1725 1130 1760 Bedam
1147 1726 1209 1760 lib.
1236 1735 1296 1761 111.
1317 1726 1456 1762 Histor.
1479 1727 1631 1774 Anglor.
1652 1739 1727 1773 cap.
1749 1738 1801 1764 1v.

404 1786 554 1831 Scripsit
572 1796 657 1818 vero

550 1841 804 1876 Meditationes
824 1841 990 1875 Psalterii
1296 1843 1356 1877 lib.
1377 1851 1402 1877 1.

549 1900 604 1934 De
623 1898 816 1933 Sententiis
835 1898 1047 1933 Sanctorum
1299 1901 1359 1935 lib.
1381 1910 1408 1937 1.

450 1958 555 1993 Vixit
572 1969 666 1991 anno
684 1965 925 1990 CCCCXXXII.
976 1955 1070 2002 Ejus
1088 1958 1297 1992 memoriam
1315 1959 1440 1993 recolit
1460 1959 1517 1993 die
1540 1969 1627 1994 XVI.
1646 1960 1803 2006 Septem-

400 2016 473 2051 bris
500 2015 803 2060 Martyrologium
829 2014 983 2048 Roman.
1012 2019 1048 2048 et
1070 2014 1227 2050 Joannes
1253 2016 1422 2051 Molanus
1449 2017 1572 2051 eodem
1594 2018 1651 2053 die
1673 2019 1711 2052 in
1728 2019 1804 2053 Ad-

403 2074 527 2108 dition.
564 2073 608 2106 ad
643 2072 799 2106 Usuard.
847 2076 869 2091 “
897 2071 941 2106 In
979 2070 1098 2106 Scotia
1127 2072 1278 2108 Niniani
1309 2074 1464 2119 episcopi
1495 2079 1531 2109 et
1561 2075 1803 2111 confessoris.''

401 2131 563 2176 Injurius
581 2131 612 2164 ei
630 2130 829 2165 haereticus
847 2129 871 2163 J
873 2141 1003 2164 oannes
1022 2130 1144 2164 Foxus
1168 2131 1207 2165 in
1225 2131 1420 2167 Protestat.
1446 2133 1491 2166 ad
1509 2132 1706 2168 Ecclesiam
1726 2134 1803 2169 An-

401 2189 528 2233 glican.
555 2199 637 2235 pag.
664 2197 720 2222 lx.
748 2188 810 2223 sed
840 2188 1001 2223 vindicat
1027 2192 1150 2223 auctor
1181 2188 1434 2225 Conversionis
1466 2189 1622 2237 AngIIae
1651 2196 1745 2236 part.
1775 2201 1800 2226 1.

401 2256 475 2289 cap.
496 2254 535 2279 x.
