2060 2848
656 304 831 337 GENTIS
856 301 1132 340 SCOTORUM,
1157 301 1245 333 LIB.
1271 300 1353 332 XII.
1636 298 1695 329 461

316 408 357 437 ut
371 402 456 435 dixi.
498 400 542 434 In
555 398 817 443 Martyrologio
831 397 994 431 Romano
1012 396 1110 429 nulla
1127 395 1271 428 mentio.
1316 393 1481 427 Molanus
1493 403 1565 426 non
1578 392 1699 426 omisit

315 459 501 492 Addition.
520 457 565 490 ad
583 456 788 490 Usuardum
804 466 813 488 ε
843 458 865 473 “
884 453 928 487 In
946 452 1125 486 Nassonia
1141 452 1269 485 natalis
1291 450 1393 484 Beati
1412 449 1579 483 Mononis
1605 460 1697 483 mar-

316 516 418 560 tyris,
437 515 499 559 qui
517 514 676 559 angelico
694 513 834 546 monitu
851 512 894 544 de
920 510 1038 543 Scotia
1064 507 1297 542 Arduennam
1324 507 1453 541 venit.''
1504 505 1700 552 Subjungit

316 584 406 617 quae
424 583 533 616 supra
549 571 668 615 posita
685 577 770 603 sunt
789 568 906 602 verba.
959 566 1148 610 Scripsisse
1165 570 1314 610 putatur

464 627 748 662 Constitutiones
784 637 868 660 suae
903 624 1082 658 Ecclesiae
1111 623 1172 657 lib.
1206 631 1231 655 1.
1268 633 1369 666 quae,
1403 620 1584 655 monachis
1619 621 1702 654 solis

512 685 676 724 fundata,
702 684 807 717 hodie
833 682 1018 716 canonicos
1036 680 1142 715 habet
1159 680 1197 714 in
1214 678 1363 713 dioecesi
1380 678 1580 713 Leodiensi.
1633 677 1703 711 Mi-

512 754 616 776 raeus
634 743 710 775 loco
728 742 881 775 laudato.

365 800 520 834 Vivebat
539 810 631 833 anno
650 806 913 832 DCCXXXVIII.

762 911 797 945 S.
826 910 942 945 MOM
948 910 1121 944 BULUS.
1174 912 1260 947 874.

321 1029 414 1063 CUM
446 1028 652 1074 Sigebertus
683 1025 944 1060 Gemblacensis
973 1025 1150 1059 Chronico
1179 1025 1224 1058 ad
1250 1035 1382 1057 annum
1412 1031 1518 1056 DCLI.
1546 1023 1704 1062 dixisset,

321 1091 341 1105 “
361 1091 500 1130 praeter
517 1086 592 1124 hos,
611 1089 646 1118 et
664 1084 724 1118 alii
750 1084 855 1117 multi
881 1084 923 1117 de
949 1082 1084 1127 Anglia
1109 1083 1166 1115 vel
1192 1081 1310 1114 Scotia
1335 1081 1373 1114 in
1399 1079 1523 1113 Galliis
1550 1081 1705 1125 peregri-

319 1148 444 1177 nantes
463 1142 612 1176 verbum
630 1141 699 1175 Dei
725 1141 957 1180 seminabant,
985 1140 1207 1183 multumque
1236 1138 1392 1172 fructum
1418 1137 1495 1171 Deo
1521 1137 1705 1176 faciebant,

320 1201 452 1234 scilicet
470 1199 570 1239 Etto,
591 1198 778 1242 Eloquius,
798 1197 994 1231 Bertuinus
1008 1197 1039 1237 ;”
1065 1196 1184 1230 subdit
1203 1196 1241 1229 in
1259 1207 1321 1230 ora
1337 1194 1519 1228 Aubertus
1539 1194 1707 1234 Miraeus,

323 1263 343 1277 ‘³
362 1259 455 1291 inter
472 1258 559 1290 alios
577 1256 675 1289 fuere
694 1256 814 1289 Sancti
840 1254 1046 1300 Adalgisus‚
1073 1254 1265 1293 Momblus,
1292 1253 1549 1297 IVasnulphu&
1575 1257 1611 1286 et
1637 1252 1711 1286 An-

322 1315 484 1349 thodus.'‘
535 1313 610 1347 Nec
639 1314 744 1357 plura
772 1312 924 1356 probant
952 1323 1033 1345 eum
1059 1310 1203 1345 Scotum
1231 1322 1316 1350 esse,
1346 1311 1441 1355 quod
1467 1311 1586 1344 sciam.
1642 1310 1710 1343 Hic

323 1373 428 1406 etiam
447 1384 468 1405 a
487 1370 748 1415 Martyrologio
766 1370 929 1403 Romano
947 1369 1098 1403 omissus
1116 1368 1267 1402 habetur
1284 1368 1379 1412 apud
1397 1367 1581 1401 Molanum
1599 1366 1711 1401 Addi-

323 1429 409 1463 tion.
429 1428 584 1462 Usuard.
603 1428 660 1460 die
678 1435 799 1460 XV111.
819 1425 993 1460 Novemb.
1049 1429 1070 1444 “
1089 1424 1133 1459 In
1150 1424 1274 1459 Galliis
1293 1424 1329 1458 S.
1349 1424 1524 1458 Mombuli
1543 1424 1710 1458 abbatis-’⁷

324 1486 463 1530 Scripta
481 1485 600 1519 omnia
618 1485 811 1529 perierunt.

371 1543 474 1577 Vixit
491 1553 585 1576 anno
605 1550 748 1575 nomn.

857 1654 1039 1690 MARIA.
1094 1656 1180 1692 875.

330 1772 476 1806 MARIA
502 1771 659 1811 Stuarta,
685 1770 808 1804 Jacobi
831 1770 876 1805 V.
906 1770 1015 1817 [filia]
1044 1772 1160 1811 unica,
1186 1771 1310 1806 Jacobi
1328 1771 1392 1805 VI.
1411 1777 1534 1812 mater,
1553 1773 1714 1806 Francis-

329 1829 359 1862 ci
388 1828 437 1862 ΙΙ.
461 1828 657 1862 Galliarum
686 1828 780 1873 regis
807 1828 925 1867 vidua,
953 1830 1116 1872 proxima
1141 1828 1296 1874 Angliae
1321 1829 1446 1869 heres3
1473 1840 1556 1863 nam
1583 1830 1713 1863 Henri-

327 1897 388 1919 cus
416 1884 521 1919 VIII.
551 1883 693 1929 Anglus
724 1883 973 1918 Elizabetham
1004 1885 1145 1929 publico
1175 1886 1276 1931 regni
1309 1886 1474 1919 ordinum
1504 1887 1643 1920 decreto
1675 1892 1714 1919 ut

328 1942 498 1985 spuriam,
529 1952 592 1974 nec
621 1952 723 1974 suam
754 1946 997 1984 expunxerat3
1026 1947 1139 1976 matre
1169 1943 1275 1976 etiam
1302 1941 1410 1976 Anna
1440 1943 1585 1983 Bolena,
1619 1944 1715 1987 quod

330 2010 389 2032 rea
407 1998 571 2031 adulterii
591 2009 671 2031 cum
689 1998 823 2037 multis,
846 1998 1001 2032 incestus
1027 2009 1106 2032 cum
1133 1999 1244 2033 fratre
1270 2004 1371 2038 esset,
1398 2000 1510 2033 securi
1537 2011 1713 2044 percussa.

332 2055 410 2088 Hoc
449 2054 547 2088 fonte
590 2054 847 2088 clandestinum
890 2054 1030 2100 Anglae
1065 2056 1103 2089 in
1143 2061 1302 2090 nostram
1336 2057 1529 2100 principem
1567 2058 1714 2096 odium;

331 2123 426 2151 inOX,
454 2123 495 2145 ea
522 2112 676 2151 absente,
703 2115 825 2154 aperta
846 2110 953 2145 factio
979 2116 1060 2145 astu
1084 2111 1286 2158 Anglicano
1311 2114 1451 2157 erupit;
1480 2118 1516 2148 et
1542 2125 1622 2147 cum
1642 2113 1719 2148 An-

335 2171 394 2215 gla
417 2169 561 2213 nuptias
588 2169 643 2202 sui
669 2168 768 2201 ducis
795 2167 1009 2202 Hamiltonii
1035 2168 1106 2202 filio
1132 2174 1250 2203 sancte
1275 2170 1505 2213 promisisset,
1531 2171 1635 2205 modo
1660 2183 1719 2205 no-

332 2237 413 2260 vam
446 2226 504 2258 ille
539 2226 745 2270 religionem
781 2225 945 2259 inducere
982 2226 1097 2266 vellet,
1132 2227 1226 2260 illico
1260 2228 1344 2260 novi
1378 2232 1495 2262 motus
1530 2228 1567 2261 in
1601 2239 1720 2272 proce-

332 2294 411 2316 rum
447 2283 576 2316 animis
612 2282 759 2316 excitari
795 2281 1016 2322 Lidintonio,
1059 2283 1120 2327 qui
1163 2284 1258 2327 apud
1293 2283 1540 2319 Elizabetham
1579 2286 1716 2331 agebat,

335 2351 421 2374 auro
440 2344 606 2384 corrupto
624 2343 686 2372 aut
707 2339 1021 2382 pollicitationibus
1038 2349 1046 2373 z
1073 2340 1167 2384 quod
1185 2340 1280 2381 olim,
1308 2352 1371 2385 per
1396 2342 1513 2375 virum
1541 2343 1720 2386 experien-

333 2407 402 2430 tem
423 2397 607 2436 traditum,
630 2396 760 2430 credidi
777 2406 786 2436 ;
816 2407 910 2430 nunc
928 2397 1068 2437 damno,
1095 2408 1175 2431 cum
1194 2398 1425 2432 intellexerim
1443 2398 1618 2433 Joannem
1647 2399 1720 2434 Me-

966 2461 969 2463 ·
1025 2462 1041 2486 s
