2118 2854
698 299 875 333 GENTIS
898 296 1176 335 SCOTORUM,
1201 297 1291 329 LIB.
1314 297 1411 329 VIII.
1686 297 1749 328 363

365 403 505 437 carunt3
525 397 607 430 inde
619 396 748 430 iterum
764 394 919 428 Parisios
935 392 1048 426 redux
1065 390 1224 435 profiteri
1242 391 1375 435 coepit3
1395 391 1546 435 denique
1564 391 1745 437 Burdega-

363 457 434 488 lam
461 454 601 493 accitus,
633 453 751 487 sedem
781 451 897 485 Musis
927 460 967 484 ac
997 449 1177 483 Mercurio
1203 449 1242 482 in
1267 447 1486 492 Aquitanico
1511 448 1629 493 Lyceo
1656 448 1744 483 fixit.

364 511 481 545 Multa
498 516 533 544 et
551 510 745 544 elaboravit
763 513 798 542 et
815 508 954 542 emisit:
981 518 1058 553 ego,
1076 517 1097 539 a
1114 506 1328 540 suavissimo
1346 506 1458 550 ipsius
1475 506 1640 540 convictu
1657 517 1679 540 a
1696 506 1748 539 vi-

363 569 453 613 ginti
472 579 560 612 pene
578 567 679 601 annis
697 566 870 605 divulsus,
887 575 999 609 pauca
1017 564 1092 597 vidi
1107 573 1117 604 ;
1146 564 1185 597 in
1201 563 1259 596 his

511 625 682 658 Poemata
699 623 835 657 Graeca
997 622 1058 656 lib.
1077 629 1103 655 1.
1154 620 1199 655 In
1216 632 1258 654 ea
1275 620 1307 654 ei
1324 620 1449 666 lingua
1466 620 1556 654 nihil
1572 620 1747 666 ignotum,

557 686 592 716 et
617 680 821 715 memoriter
846 690 934 724 pene
959 683 1080 723 poetas
1106 689 1228 713 omnes
1252 678 1401 712 recitare
1427 678 1527 717 solet,
1558 688 1598 712 ac
1625 689 1747 711 eorum

557 739 764 773 scholiastas
781 742 855 771 tam
872 736 1077 781 frequenter
1093 740 1268 775 excutere,
1285 739 1327 769 ut
1346 734 1500 770 Athenis
1515 739 1620 770 natus
1635 735 1746 769 videri

582 796 680 830 ossit.

509 807 781 898 Epligrammata
798 851 929 885 Latina
945 850 1150 884 acutissima
1296 849 1358 883 lib.
1378 858 1403 883 1.

510 910 700 944 Orationes
718 908 1026 953 eloquentissimas
1296 906 1357 940 lib.
1378 915 1403 939 1.

511 966 793 1011 Epithalamium
813 965 960 998 Henrici
981 964 1044 998 IV.
1068 968 1103 998 et
1123 963 1263 998 Mariae
1281 963 1471 1004 Mediceae‚
1491 963 1662 1000 Franciae
1680 964 1749 998 Re-

558 1034 656 1069 gum,
1293 1021 1355 1055 lib.
1375 1030 1402 1054 1.

509 1081 552 1114 In
569 1079 771 1114 Ausonium
790 1078 1072 1112 Commentarios
1090 1078 1214 1111 uberes
1233 1089 1273 1111 ac
1296 1078 1448 1118 criticos,
1473 1083 1554 1122 post
1576 1078 1747 1113 Vinetum

559 1142 595 1170 et
612 1136 840 1181 Scaligerum,
858 1134 918 1168 lib.
939 1143 964 1167 1.
983 1134 1114 1169 dicitur
1131 1136 1309 1169 emittere:
1335 1135 1475 1169 utinam
1492 1135 1498 1168 !

413 1195 514 1229 Vivit
527 1194 642 1229 adhuc
655 1204 735 1227 cum
753 1192 966 1226 suavissimo
980 1202 1045 1226 suo
1058 1192 1236 1232 Bafforeo,
1249 1196 1285 1226 et
1298 1203 1502 1227 communes
1515 1192 1640 1227 Musas
1653 1193 1746 1227 colit.

490 1307 712 1342 JACOBUS
738 1305 1135 1341 BONAVENTURA
1163 1305 1487 1341 HEPBURNUS.
1540 1305 1622 1341 688.

364 1426 385 1458 J
389 1432 542 1458 ACOBUS
562 1423 792 1467 Hepburnus,
810 1420 920 1454 nobili
937 1421 1013 1454 loco
1034 1424 1151 1460 natus,
1175 1420 1261 1453 dum
1278 1420 1316 1453 in
1334 1420 1520 1456 Orientem
1543 1422 1750 1468 linguarum

362 1482 478 1528 gratia
509 1480 746 1518 contenderet,
773 1476 960 1512 Avenione
990 1477 1039 1511 D.
1064 1477 1245 1511 Francisci
1271 1477 1314 1511 de
1340 1477 1454 1512 Paula
1479 1479 1595 1513 ordini
1621 1490 1750 1513 nomen

363 1539 469 1578 dedit,
487 1549 527 1571 ac
545 1537 800 1571 Bonaventura
817 1535 936 1568 vocari
955 1534 1083 1568 voluit.
1131 1534 1250 1568 Multa
1266 1534 1434 1578 pietatem
1459 1541 1494 1570 et
1514 1535 1750 1570 eruditionem

362 1595 583 1630 ostendentia
600 1592 819 1637 conscripsit,
838 1592 1010 1636 quaedam
1030 1591 1158 1631 emisit,
1172 1592 1345 1626 nonnulla
1361 1593 1519 1627 continet
1537 1593 1575 1626 in
1593 1593 1748 1627 scriniis:

364 1664 428 1698 ego
447 1652 522 1686 vidi

510 1707 774 1742 Dictionarium
795 1706 1016 1740 Hebraicum
1300 1706 1360 1740 lib.
1381 1715 1405 1739 1.

511 1764 773 1799 Dictionarium
792 1762 1025 1797 Chaldaicum
1298 1763 1360 1797 lib.
1380 1772 1407 1798 1.

513 1821 792 1856 Grammaticam
809 1820 1000 1854 Arabicam
1300 1820 1361 1854 lib.
1382 1829 1406 1853 1.

512 1878 795 1914 Commentarios
812 1878 851 1911 in
868 1878 1042 1921 quosdam
1060 1877 1221 1913 Pmlmos
1298 1877 1360 1912 lib.
1380 1887 1404 1911 1.

513 1936 558 1970 R.
578 1935 777 1969 Salomonis
795 1934 838 1968 F.
857 1934 919 1978 qui
941 1934 1071 1968 dicitur
1092 1934 1203 1969 Keter
1230 1935 1404 1975 Malcuth,
1426 1935 1462 1968 id
1486 1940 1550 1974 est,
1577 1934 1749 1969 Diadema

562 1992 692 2038 Regni,
710 1991 749 2024 in
768 1990 938 2026 Latinum
957 1991 1078 2031 vertit,
1295 1991 1356 2025 lib.
1377 2000 1403 2025 Ι.

514 2050 559 2083 R.
578 2048 762 2083 Abraham
780 2047 885 2082 Aben
903 2047 1001 2082 Ezra
1017 2048 1148 2083 librum
1166 2050 1210 2083 de
1228 2048 1394 2093 Mysticis
1407 2048 1576 2083 Numeris
1591 2051 1699 2084 vertit
1712 2051 1748 2084 in

562 2106 733 2140 Latinum
1053 2121 1057 2124 ⁴
1296 2105 1358 2139 lib.
1379 2114 1403 2139 1.

514 2163 687 2210 Ejusdem
721 2162 851 2196 librum
882 2163 993 2196 alium
1023 2162 1066 2196 de
1097 2162 1317 2206 septemplici
1352 2163 1458 2197 modo
1494 2164 1750 2209 interpretandi

560 2231 694 2254 sacram
714 2219 935 2263 Scripturam
953 2219 1062 2253 vertit
1299 2219 1360 2254 lib.
1379 2229 1404 2253 1.

514 2278 702 2312 Canticum
733 2276 756 2310 J
759 2277 880 2321 osephi
912 2276 1104 2322 Hysopaei,
1134 2276 1229 2321 quod
1263 2276 1394 2311 dicitur
1427 2277 1565 2312 Kaaras
1595 2278 1748 2325 Keseph‚

559 2346 621 2369 seu
639 2333 797 2381 Τξὺβλιον
814 2333 976 2381 ἀργυροῦν,
996 2335 1053 2368 vel
1069 2332 1223 2369 Scutella
1240 2339 1418 2381 argentea,
1437 2336 1556 2376 vertit,
1617 2337 1677 2371 lib.
1699 2347 1722 2371 Ι,
