2118 2854
351 318 413 350 362
728 314 962 350 HISTORIA
986 313 1360 348 ECCLESIASTICA

551 416 587 446 te
605 411 754 446 donavit
1239 409 1301 443 lib.
1321 418 1348 442 1.

501 469 771 514 Disputationes
796 468 835 502 in
861 467 1058 514 Theologia
1085 465 1312 511 (Bibliothec.
1344 465 1489 500 Classic.
1517 470 1641 500 auctor
1661 476 1741 511 pag.

551 526 810 571 cecxxxvn.)
1241 524 1302 558 lib.
1323 534 1347 558 1.

505 584 549 618 In
569 583 827 618 Bibliothecam
847 582 939 617 Sixti
957 581 1121 616 Senensis
1140 581 1416 616 Observationes
1480 580 1541 615 lib.
1562 590 1586 615 1.
1635 581 1745 615 Bibli-

553 641 696 676 othecae
714 640 888 675 Classicae
906 651 987 685 pag.
1006 647 1137 674 ccelv.

406 699 509 735 Obiit
526 710 619 734 anno
639 705 852 732 MDxcvm.

673 809 1000 845 ALEXANDER
1027 808 1292 843 HUMAEUS.
1346 808 1431 843 685.

355 927 626 961 ALEXANDER
644 925 841 965 Humaeus,
859 924 916 958 vir
933 923 1211 963 literatissimus‚
1226 921 1455 958 Glascuensis
1473 922 1613 957 scholae
1630 925 1747 957 mode-

356 989 464 1025 rator,
484 984 595 1018 edidit
611 984 749 1023 multa3
777 993 843 1028 ego
860 986 1002 1015 tantum
1021 981 1096 1015 vidi

501 1041 641 1075 Bellum
661 1039 937 1074 Grammaticale
1243 1038 1304 1072 lib.
1326 1047 1350 1071 1.

503 1097 781 1132 Grammaticam
798 1096 968 1130 Latinam
1242 1096 1304 1132 lib.
1325 1104 1351 1129 1.

404 1156 507 1191 Vivit
525 1156 640 1190 adhuc
658 1155 695 1188 in
714 1154 843 1188 Scotia.

754 1267 919 1303 DAVID
946 1263 1213 1302 HUMAEUS.
1264 1265 1347 1301 686.

355 1387 494 1420 DAle
514 1384 712 1424 Humaeus,
730 1389 816 1418 nato
835 1383 881 1417 ad
900 1383 1026 1417 Musas
1050 1382 1206 1427 ingenio,
1231 1380 1452 1415 cultissimus
1469 1386 1585 1427 poeta,
1609 1384 1750 1427 scripsit

360 1444 485 1484 multa,
504 1443 565 1477 sed
582 1442 627 1476 ad
643 1453 700 1476 me
718 1445 894 1475 venerunt
912 1451 1025 1485 pauca
1040 1450 1050 1481 ;
1077 1439 1115 1473 in
1132 1439 1188 1473 his
1206 1442 1291 1473 sunt

504 1500 676 1534 Poemata
692 1499 793 1533 varia
1444 1497 1506 1531 lib.
1528 1506 1553 1531 Ι.

503 1558 645 1592 Laudes
662 1556 819 1596 Patriae,
838 1565 955 1595 versu,
1445 1555 1506 1589 lib.
1528 1563 1553 1588 1.

506 1615 696 1649 Adventus
716 1614 826 1660 Regis
845 1613 883 1646 in
901 1611 1084 1658 Angliam,
1104 1621 1220 1652 versu,
1446 1612 1507 1647 lib.
1528 1621 1553 1647 1.

507 1673 642 1707 Contra
659 1671 870 1716 Episcopos,
890 1671 1087 1709 vernacule,
1447 1670 1509 1704 lib.
1530 1679 1554 1704 1.

507 1729 687 1775 Apologia
705 1729 960 1762 Ministrorum
978 1726 1194 1767 Vasconum,
1213 1727 1411 1767 vernacule,
1448 1727 1510 1762 lib.
1530 1735 1554 1761 1.

355 1808 358 1811 >
408 1788 511 1823 Vivit
530 1787 645 1822 adhuc
663 1787 701 1820 in
720 1785 848 1820 Scotia.

698 1899 999 1935 GULIELMUS
1025 1897 1279 1934 HEGATUS.
1334 1897 1416 1936 687.

364 2018 615 2053 GULIELMUS
659 2015 825 2061 Hegatus
876 2014 1112 2054 Glascuensis,
1164 2014 1279 2048 omnis
1326 2014 1501 2059 politioris
1549 2015 1755 2050 literaturae

362 2075 592 2119 omniumque
627 2073 880 2107 humaniorum
915 2072 1144 2106 scientiarum
1179 2071 1428 2116 peritissimus,
1464 2072 1565 2107 varia
1600 2084 1640 2107 ac
1674 2085 1756 2108 rara

363 2133 523 2172 lectione,
566 2131 718 2165 fecunda
760 2130 941 2171 memoria,
990 2140 1129 2164 summo
1167 2130 1315 2176 judicio,
1368 2134 1404 2164 et
1454 2140 1585 2164 nomen
1623 2131 1757 2166 celebre

365 2189 555 2234 acquisivit
598 2199 638 2222 ac
680 2188 870 2234 gloriosius
911 2187 1053 2227 meruit,
1096 2187 1188 2221 nihil
1222 2187 1317 2221 enim
1360 2187 1524 2227 arduum,
1567 2189 1662 2231 quod
1697 2189 1755 2222 ille

367 2246 510 2280 solertia
536 2257 607 2280 non
631 2249 862 2289 assequatur3
890 2246 934 2278 ad
961 2244 1047 2278 haec
1072 2255 1187 2278 mores
1214 2245 1428 2284 suavissimi,
1455 2244 1633 2290 gravitate
1659 2245 1756 2279 festi-

365 2314 411 2337 va
438 2302 582 2336 conditi.
635 2301 787 2335 Pictavii
818 2302 974 2345 primum
1003 2302 1113 2336 bonas
1145 2306 1238 2336 artes
1269 2302 1393 2336 docere
1423 2312 1536 2341 orsus,
1572 2300 1755 2335 Lutetiam

366 2359 476 2399 venit,
495 2370 534 2393 ac
556 2359 594 2392 in
619 2358 785 2401 Lexoveo
809 2360 943 2392 clarum
966 2370 1096 2393 nomen
1121 2359 1281 2403 adeptus,
1306 2358 1497 2392 Divionem
1523 2359 1561 2392 in
1587 2358 1757 2404 Burgun-

367 2417 462 2450 diam
488 2421 633 2451 vocatus
659 2416 789 2456 docuit,
820 2416 904 2450 dum
931 2416 1091 2451 Jesuitae
1116 2421 1235 2460 patres
1262 2416 1418 2450 scholam
1444 2427 1522 2450 eam
1549 2415 1615 2450 sibi
1644 2416 1757 2449 vindi-
