<?xml version="1.0" encoding="UTF-8"?>
<!DOCTYPE html PUBLIC "-//W3C//DTD XHTML 1.0 Transitional//EN"
    "http://www.w3.org/TR/xhtml1/DTD/xhtml1-transitional.dtd">
<html xmlns="http://www.w3.org/1999/xhtml" xml:lang="en" lang="en">
 <head>
  <title>
</title>
<meta http-equiv="Content-Type" content="text/html;charset=utf-8" />
  <meta name='ocr-system' content='tesseract 3.04.00' />
  <meta name='ocr-capabilities' content='ocr_page ocr_carea ocr_par ocr_line ocrx_word'/>
</head>
<body>
  <div class='ocr_page' id='page_1' title='image "./thomaedempster2102dempuoft_0346.png"; bbox 0 0 2060 2848; ppageno 0'>
   <div class='ocr_carea' id='block_1_1' title="bbox 360 276 1380 311">
    <p class='ocr_par' dir='ltr' id='par_1_1' title="bbox 360 276 1380 311">
     <span class='ocr_line' id='line_1_1' title="bbox 360 276 1380 311; baseline 0.003 -4"><span class='ocrx_word' id='word_1_1' title='bbox 360 276 424 308; x_wconf 79' lang='lat'><strong>664</strong></span> <span class='ocrx_word' id='word_1_2' title='bbox 745 276 980 311; x_wconf 85' lang='lat' dir='ltr'>HISTORIA</span> <span class='ocrx_word' id='word_1_3' title='bbox 1004 276 1380 311; x_wconf 88' lang='lat' dir='ltr'>ECCLESIASTICA</span> 
     </span>
    </p>
   </div>
   <div class='ocr_carea' id='block_1_2' title="bbox 666 429 1458 466">
    <p class='ocr_par' dir='ltr' id='par_1_2' title="bbox 666 429 1458 466">
     <span class='ocr_line' id='line_1_2' title="bbox 666 429 1458 466; baseline 0.004 -3"><span class='ocrx_word' id='word_1_4' title='bbox 666 429 690 463; x_wconf 89' lang='lat' dir='ltr'>J</span> <span class='ocrx_word' id='word_1_5' title='bbox 693 429 901 465; x_wconf 86' lang='lat' dir='ltr'>OANNES</span> <span class='ocrx_word' id='word_1_6' title='bbox 926 429 1218 466; x_wconf 85' lang='lat' dir='ltr'><strong>WADLOKUS</strong></span> <span class='ocrx_word' id='word_1_7' title='bbox 1244 431 1297 466; x_wconf 86' lang='lat' dir='ltr'><strong>M.</strong></span> <span class='ocrx_word' id='word_1_8' title='bbox 1351 433 1458 466; x_wconf 82' lang='lat'>1184.</span> 
     </span>
    </p>
   </div>
   <div class='ocr_carea' id='block_1_3' title="bbox 363 543 1765 1051">
    <p class='ocr_par' dir='ltr' id='par_1_3' title="bbox 363 543 1765 1051">
     <span class='ocr_line' id='line_1_3' title="bbox 363 543 1763 592; baseline 0.001 -14"><span class='ocrx_word' id='word_1_9' title='bbox 363 544 387 578; x_wconf 89' lang='lat' dir='ltr'>J</span> <span class='ocrx_word' id='word_1_10' title='bbox 391 552 557 579; x_wconf 79' lang='lat' dir='ltr'>OANNES</span> <span class='ocrx_word' id='word_1_11' title='bbox 574 543 775 580; x_wconf 92' lang='lat' dir='ltr'><strong>Wadlokus</strong></span> <span class='ocrx_word' id='word_1_12' title='bbox 792 545 1029 580; x_wconf 88' lang='lat' dir='ltr'><strong>Deidonensis</strong></span> <span class='ocrx_word' id='word_1_13' title='bbox 1046 546 1093 581; x_wconf 87' lang='lat' dir='ltr'><strong>D.</strong></span> <span class='ocrx_word' id='word_1_14' title='bbox 1113 546 1294 582; x_wconf 87' lang='lat' dir='ltr'><strong>Francisci</strong></span> <span class='ocrx_word' id='word_1_15' title='bbox 1313 547 1476 581; x_wconf 87' lang='lat' dir='ltr'><strong>habitum</strong></span> <span class='ocrx_word' id='word_1_16' title='bbox 1495 546 1533 581; x_wconf 90' lang='lat' dir='ltr'><strong>in</strong></span> <span class='ocrx_word' id='word_1_17' title='bbox 1557 547 1673 592; x_wconf 87' lang='lat' dir='ltr'><strong>patria</strong></span> <span class='ocrx_word' id='word_1_18' title='bbox 1698 559 1763 582; x_wconf 72' lang='lat' dir='ltr'><strong>sua</strong></span> 
     </span>
     <span class='ocr_line' id='line_1_4' title="bbox 366 602 1764 651; baseline 0.003 -16"><span class='ocrx_word' id='word_1_19' title='bbox 366 602 495 643; x_wconf 90' lang='lat' dir='ltr'><strong>induit,</strong></span> <span class='ocrx_word' id='word_1_20' title='bbox 527 613 568 636; x_wconf 93' lang='lat' dir='ltr'><strong>ac</strong></span> <span class='ocrx_word' id='word_1_21' title='bbox 595 603 778 647; x_wconf 83' lang='lat' dir='ltr'>superiore</span> <span class='ocrx_word' id='word_1_22' title='bbox 807 603 1000 637; x_wconf 87' lang='lat' dir='ltr'><strong>mandante</strong></span> <span class='ocrx_word' id='word_1_23' title='bbox 1030 605 1076 637; x_wconf 90' lang='lat' dir='ltr'><strong>ad</strong></span> <span class='ocrx_word' id='word_1_24' title='bbox 1099 605 1273 649; x_wconf 87' lang='lat' dir='ltr'>quaedam</span> <span class='ocrx_word' id='word_1_25' title='bbox 1297 604 1434 638; x_wconf 88' lang='lat' dir='ltr'><strong>ordinis</strong></span> <span class='ocrx_word' id='word_1_26' title='bbox 1459 604 1514 638; x_wconf 91' lang='lat' dir='ltr'><strong>sui</strong></span> <span class='ocrx_word' id='word_1_27' title='bbox 1538 605 1683 651; x_wconf 86' lang='lat' dir='ltr'><strong>negotia</strong></span> <span class='ocrx_word' id='word_1_28' title='bbox 1706 616 1764 639; x_wconf 89' lang='lat' dir='ltr'><strong>ex-</strong></span> 
     </span>
     <span class='ocr_line' id='line_1_5' title="bbox 365 659 1763 705; baseline 0.001 -11"><span class='ocrx_word' id='word_1_29' title='bbox 365 660 540 705; x_wconf 88' lang='lat' dir='ltr'><strong>pedienda</strong></span> <span class='ocrx_word' id='word_1_30' title='bbox 552 659 706 694; x_wconf 89' lang='lat' dir='ltr'>Romam</span> <span class='ocrx_word' id='word_1_31' title='bbox 720 660 912 705; x_wconf 86' lang='lat' dir='ltr'><strong>profectus,</strong></span> <span class='ocrx_word' id='word_1_32' title='bbox 928 671 968 694; x_wconf 88' lang='lat' dir='ltr'><strong>ac</strong></span> <span class='ocrx_word' id='word_1_33' title='bbox 985 659 1136 695; x_wconf 83' lang='lat' dir='ltr'><strong>feliciter</strong></span> <span class='ocrx_word' id='word_1_34' title='bbox 1153 672 1192 695; x_wconf 86' lang='lat' dir='ltr'><strong>re</strong></span> <span class='ocrx_word' id='word_1_35' title='bbox 1209 660 1378 700; x_wconf 90' lang='lat' dir='ltr'><strong>confecta,</strong></span> <span class='ocrx_word' id='word_1_36' title='bbox 1397 665 1439 695; x_wconf 89' lang='lat' dir='ltr'><strong>ut</strong></span> <span class='ocrx_word' id='word_1_37' title='bbox 1456 661 1603 695; x_wconf 90' lang='lat' dir='ltr'><strong>domum</strong></span> <span class='ocrx_word' id='word_1_38' title='bbox 1621 662 1763 701; x_wconf 87' lang='lat' dir='ltr'><strong>redivit,</strong></span> 
     </span>
     <span class='ocr_line' id='line_1_6' title="bbox 364 717 1765 763; baseline 0.001 -12"><span class='ocrx_word' id='word_1_39' title='bbox 364 717 594 762; x_wconf 89' lang='lat' dir='ltr'><strong>provincialis</strong></span> <span class='ocrx_word' id='word_1_40' title='bbox 619 728 684 762; x_wconf 89' lang='lat' dir='ltr'><strong>per</strong></span> <span class='ocrx_word' id='word_1_41' title='bbox 709 717 865 752; x_wconf 86' lang='lat' dir='ltr'><strong>Scotiam</strong></span> <span class='ocrx_word' id='word_1_42' title='bbox 889 721 1029 751; x_wconf 86' lang='lat' dir='ltr'><strong>creatus</strong></span> <span class='ocrx_word' id='word_1_43' title='bbox 1053 728 1126 751; x_wconf 90' lang='lat' dir='ltr'><strong>non</strong></span> <span class='ocrx_word' id='word_1_44' title='bbox 1149 718 1269 751; x_wconf 91' lang='lat' dir='ltr'><strong>minus</strong></span> <span class='ocrx_word' id='word_1_45' title='bbox 1293 717 1352 762; x_wconf 89' lang='lat' dir='ltr'><strong>pie</strong></span> <span class='ocrx_word' id='word_1_46' title='bbox 1376 728 1484 762; x_wconf 88' lang='lat' dir='ltr'><strong>quam</strong></span> <span class='ocrx_word' id='word_1_47' title='bbox 1509 718 1702 763; x_wconf 87' lang='lat' dir='ltr'><strong>prudenter</strong></span> <span class='ocrx_word' id='word_1_48' title='bbox 1728 730 1765 753; x_wconf 90' lang='lat' dir='ltr'><strong>se</strong></span> 
     </span>
     <span class='ocr_line' id='line_1_7' title="bbox 364 773 1765 820; baseline 0.001 -12"><span class='ocrx_word' id='word_1_49' title='bbox 364 775 497 820; x_wconf 78' lang='lat' dir='ltr'><strong>gessit3</strong></span> <span class='ocrx_word' id='word_1_50' title='bbox 521 785 605 808; x_wconf 88' lang='lat' dir='ltr'><strong>nam</strong></span> <span class='ocrx_word' id='word_1_51' title='bbox 628 778 826 809; x_wconf 91' lang='lat' dir='ltr'><strong>conventus</strong></span> <span class='ocrx_word' id='word_1_52' title='bbox 849 778 885 809; x_wconf 88' lang='lat' dir='ltr'><strong>et</strong></span> <span class='ocrx_word' id='word_1_53' title='bbox 908 774 1032 809; x_wconf 88' lang='lat' dir='ltr'><strong>sedulo</strong></span> <span class='ocrx_word' id='word_1_54' title='bbox 1055 773 1228 815; x_wconf 89' lang='lat' dir='ltr'><strong>visitavit,</strong></span> <span class='ocrx_word' id='word_1_55' title='bbox 1253 775 1371 819; x_wconf 86' lang='lat' dir='ltr'><strong>lapsos</strong></span> <span class='ocrx_word' id='word_1_56' title='bbox 1394 785 1511 809; x_wconf 87' lang='lat' dir='ltr'><strong>mores</strong></span> <span class='ocrx_word' id='word_1_57' title='bbox 1536 775 1705 816; x_wconf 84' lang='lat' dir='ltr'><strong>restituit,</strong></span> <span class='ocrx_word' id='word_1_58' title='bbox 1729 782 1765 811; x_wconf 88' lang='lat' dir='ltr'><strong>et</strong></span> 
     </span>
     <span class='ocr_line' id='line_1_8' title="bbox 364 831 1765 877; baseline 0.002 -12"><span class='ocrx_word' id='word_1_59' title='bbox 364 832 445 876; x_wconf 93' lang='lat' dir='ltr'><strong>plus</strong></span> <span class='ocrx_word' id='word_1_60' title='bbox 472 842 577 876; x_wconf 87' lang='lat' dir='ltr'><strong>opere</strong></span> <span class='ocrx_word' id='word_1_61' title='bbox 599 842 709 877; x_wconf 88' lang='lat' dir='ltr'><strong>quam</strong></span> <span class='ocrx_word' id='word_1_62' title='bbox 732 831 841 866; x_wconf 87' lang='lat' dir='ltr'><strong>verbo</strong></span> <span class='ocrx_word' id='word_1_63' title='bbox 864 831 997 872; x_wconf 85' lang='lat' dir='ltr'><strong>docuit,</strong></span> <span class='ocrx_word' id='word_1_64' title='bbox 1023 832 1266 877; x_wconf 86' lang='lat' dir='ltr'><strong>episcopatum</strong></span> <span class='ocrx_word' id='word_1_65' title='bbox 1290 843 1312 866; x_wconf 91' lang='lat' dir='ltr'><strong>a</strong></span> <span class='ocrx_word' id='word_1_66' title='bbox 1337 831 1503 877; x_wconf 90' lang='lat' dir='ltr'><strong>pontifice</strong></span> <span class='ocrx_word' id='word_1_67' title='bbox 1529 832 1688 867; x_wconf 83' lang='lat' dir='ltr'><strong>oblatum</strong></span> <span class='ocrx_word' id='word_1_68' title='bbox 1711 845 1765 868; x_wconf 86' lang='lat' dir='ltr'><strong>re-</strong></span> 
     </span>
     <span class='ocr_line' id='line_1_9' title="bbox 364 888 1764 936; baseline 0.001 -13"><span class='ocrx_word' id='word_1_69' title='bbox 364 889 514 929; x_wconf 87' lang='lat' dir='ltr'><strong>cusavit,</strong></span> <span class='ocrx_word' id='word_1_70' title='bbox 533 893 555 909; x_wconf 90' lang='lat'><strong>“</strong></span> <span class='ocrx_word' id='word_1_71' title='bbox 572 889 706 924; x_wconf 91' lang='lat' dir='ltr'><strong>nullius</strong></span> <span class='ocrx_word' id='word_1_72' title='bbox 724 889 776 923; x_wconf 90' lang='lat' dir='ltr'><strong>rei</strong></span> <span class='ocrx_word' id='word_1_73' title='bbox 793 888 945 934; x_wconf 91' lang='lat' dir='ltr'><strong>cupidus</strong></span> <span class='ocrx_word' id='word_1_74' title='bbox 962 888 1032 923; x_wconf 89' lang='lat' dir='ltr'><strong>nisi</strong></span> <span class='ocrx_word' id='word_1_75' title='bbox 1050 889 1164 924; x_wconf 90' lang='lat' dir='ltr'><strong>divini</strong></span> <span class='ocrx_word' id='word_1_76' title='bbox 1182 889 1359 930; x_wconf 90' lang='lat' dir='ltr'><strong>honoris,”</strong></span> <span class='ocrx_word' id='word_1_77' title='bbox 1377 890 1428 923; x_wconf 89' lang='lat' dir='ltr'><strong>ait</strong></span> <span class='ocrx_word' id='word_1_78' title='bbox 1447 889 1605 936; x_wconf 88' lang='lat' dir='ltr'><strong>Magnus</strong></span> <span class='ocrx_word' id='word_1_79' title='bbox 1625 889 1764 925; x_wconf 89' lang='lat' dir='ltr'><strong>Macolo</strong></span> 
     </span>
     <span class='ocr_line' id='line_1_10' title="bbox 365 946 1765 994; baseline 0.001 -13"><span class='ocrx_word' id='word_1_80' title='bbox 365 947 403 980; x_wconf 91' lang='lat' dir='ltr'><strong>in</strong></span> <span class='ocrx_word' id='word_1_81' title='bbox 421 946 700 981; x_wconf 89' lang='lat' dir='ltr'><strong>Continuatione</strong></span> <span class='ocrx_word' id='word_1_82' title='bbox 717 946 985 981; x_wconf 89' lang='lat' dir='ltr'><strong>Scotichronici.</strong></span> <span class='ocrx_word' id='word_1_83' title='bbox 1029 946 1074 980; x_wconf 93' lang='lat' dir='ltr'><strong>In</strong></span> <span class='ocrx_word' id='word_1_84' title='bbox 1091 947 1277 981; x_wconf 86' lang='lat' dir='ltr'><strong>literarum</strong></span> <span class='ocrx_word' id='word_1_85' title='bbox 1296 947 1554 993; x_wconf 87' lang='lat' dir='ltr'><strong>elegantiorum</strong></span> <span class='ocrx_word' id='word_1_86' title='bbox 1573 958 1765 994; x_wconf 87' lang='lat' dir='ltr'><strong>progressu</strong></span> 
     </span>
     <span class='ocr_line' id='line_1_11' title="bbox 363 1003 1763 1051; baseline 0.001 -13"><span class='ocrx_word' id='word_1_87' title='bbox 363 1004 454 1038; x_wconf 91' lang='lat' dir='ltr'><strong>nulli</strong></span> <span class='ocrx_word' id='word_1_88' title='bbox 489 1015 555 1039; x_wconf 87' lang='lat' dir='ltr'><strong>sua</strong></span> <span class='ocrx_word' id='word_1_89' title='bbox 584 1008 796 1050; x_wconf 87' lang='lat' dir='ltr'><strong>tempestate</strong></span> <span class='ocrx_word' id='word_1_90' title='bbox 826 1003 982 1045; x_wconf 90' lang='lat' dir='ltr'><strong>cedebat,</strong></span> <span class='ocrx_word' id='word_1_91' title='bbox 1013 1008 1055 1039; x_wconf 87' lang='lat' dir='ltr'><strong>ut</strong></span> <span class='ocrx_word' id='word_1_92' title='bbox 1085 1015 1130 1038; x_wconf 85' lang='lat' dir='ltr'><strong>ex</strong></span> <span class='ocrx_word' id='word_1_93' title='bbox 1159 1004 1326 1049; x_wconf 86' lang='lat' dir='ltr'><strong>operibus</strong></span> <span class='ocrx_word' id='word_1_94' title='bbox 1357 1004 1454 1039; x_wconf 89' lang='lat' dir='ltr'><strong>illius</strong></span> <span class='ocrx_word' id='word_1_95' title='bbox 1486 1004 1604 1051; x_wconf 86' lang='lat' dir='ltr'><strong>colligi</strong></span> <span class='ocrx_word' id='word_1_96' title='bbox 1636 1009 1763 1050; x_wconf 89' lang='lat' dir='ltr'><strong>potest.</strong></span> 
     </span>
    </p>
   </div>
   <div class='ocr_carea' id='block_1_4' title="bbox 365 1061 1765 1395">
    <p class='ocr_par' dir='ltr' id='par_1_4' title="bbox 365 1061 1765 1395">
     <span class='ocr_line' id='line_1_12' title="bbox 365 1061 1660 1117; baseline -0.001 -22"><span class='ocrx_word' id='word_1_97' title='bbox 365 1061 515 1107; x_wconf 83' lang='lat' dir='ltr'><strong>Scripsit</strong></span> <span class='ocrx_word' id='word_1_98' title='bbox 1636 1100 1660 1117; x_wconf 63' lang='lat' dir='ltr'><strong>w</strong></span> 
     </span>
     <span class='ocr_line' id='line_1_13' title="bbox 514 1118 1393 1155; baseline 0 -2"><span class='ocrx_word' id='word_1_99' title='bbox 514 1118 559 1153; x_wconf 90' lang='lat' dir='ltr'><strong>In</strong></span> <span class='ocrx_word' id='word_1_100' title='bbox 577 1119 740 1155; x_wconf 89' lang='lat' dir='ltr'><strong>Meteora</strong></span> <span class='ocrx_word' id='word_1_101' title='bbox 1251 1120 1318 1154; x_wconf 88' lang='lat' dir='ltr'><strong>lib.</strong></span> <span class='ocrx_word' id='word_1_102' title='bbox 1339 1128 1393 1154; x_wconf 80' lang='lat' dir='ltr'><strong>IV.</strong></span> 
     </span>
     <span class='ocr_line' id='line_1_14' title="bbox 514 1176 1765 1223; baseline 0.001 -12"><span class='ocrx_word' id='word_1_103' title='bbox 514 1176 569 1212; x_wconf 87' lang='lat' dir='ltr'><strong>De</strong></span> <span class='ocrx_word' id='word_1_104' title='bbox 584 1177 814 1212; x_wconf 88' lang='lat' dir='ltr'><strong>Planetarum</strong></span> <span class='ocrx_word' id='word_1_105' title='bbox 826 1177 956 1218; x_wconf 88' lang='lat' dir='ltr'><strong>Cursu,</strong></span> <span class='ocrx_word' id='word_1_106' title='bbox 968 1176 1240 1223; x_wconf 91' lang='lat' dir='ltr'><strong>Conjunctione,</strong></span> <span class='ocrx_word' id='word_1_107' title='bbox 1254 1177 1443 1218; x_wconf 87' lang='lat' dir='ltr'><strong>Domibus,</strong></span> <span class='ocrx_word' id='word_1_108' title='bbox 1457 1181 1492 1211; x_wconf 92' lang='lat' dir='ltr'><strong>et</strong></span> <span class='ocrx_word' id='word_1_109' title='bbox 1507 1177 1600 1211; x_wconf 84' lang='lat' dir='ltr'><strong>veris</strong></span> <span class='ocrx_word' id='word_1_110' title='bbox 1613 1177 1637 1211; x_wconf 88' lang='lat' dir='ltr'>J</span> <span class='ocrx_word' id='word_1_111' title='bbox 1640 1177 1765 1212; x_wconf 89' lang='lat' dir='ltr'><strong>udiciis</strong></span> 
     </span>
     <span class='ocr_line' id='line_1_15' title="bbox 564 1234 1366 1275; baseline 0 -7"><span class='ocrx_word' id='word_1_112' title='bbox 564 1234 821 1275; x_wconf 84' lang='lat' dir='ltr'><strong>Nativitatum,</strong></span> <span class='ocrx_word' id='word_1_113' title='bbox 1010 1262 1012 1264; x_wconf 89' lang='lat'>.</span> <span class='ocrx_word' id='word_1_114' title='bbox 1258 1234 1319 1268; x_wconf 91' lang='lat' dir='ltr'><strong>lib.</strong></span> <span class='ocrx_word' id='word_1_115' title='bbox 1341 1243 1366 1268; x_wconf 90' lang='grc' dir='ltr'><strong>Ι.</strong></span> 
     </span>
     <span class='ocr_line' id='line_1_16' title="bbox 515 1290 1686 1327; baseline 0 -1"><span class='ocrx_word' id='word_1_116' title='bbox 515 1292 571 1327; x_wconf 91' lang='lat' dir='ltr'><strong>De</strong></span> <span class='ocrx_word' id='word_1_117' title='bbox 589 1291 724 1326; x_wconf 87' lang='lat' dir='ltr'><strong>Terrae</strong></span> <span class='ocrx_word' id='word_1_118' title='bbox 742 1291 916 1327; x_wconf 87' lang='lat' dir='ltr'><strong>Mensura</strong></span> <span class='ocrx_word' id='word_1_119' title='bbox 966 1292 1027 1327; x_wconf 89' lang='lat' dir='ltr'><strong>lib.</strong></span> <span class='ocrx_word' id='word_1_120' title='bbox 1049 1300 1073 1327; x_wconf 92' lang='lat'><strong>1.</strong></span> <span class='ocrx_word' id='word_1_121' title='bbox 1176 1291 1232 1327; x_wconf 90' lang='lat' dir='ltr'><strong>De</strong></span> <span class='ocrx_word' id='word_1_122' title='bbox 1250 1291 1347 1326; x_wconf 90' lang='lat' dir='ltr'><strong>Loco</strong></span> <span class='ocrx_word' id='word_1_123' title='bbox 1365 1290 1528 1326; x_wconf 87' lang='lat' dir='ltr'><strong>Paradisi</strong></span> <span class='ocrx_word' id='word_1_124' title='bbox 1580 1291 1640 1326; x_wconf 90' lang='lat' dir='ltr'><strong>lib.</strong></span> <span class='ocrx_word' id='word_1_125' title='bbox 1661 1300 1686 1326; x_wconf 92' lang='lat'><strong>1.</strong></span> 
     </span>
     <span class='ocr_line' id='line_1_17' title="bbox 511 1348 1369 1395; baseline 0 -12"><span class='ocrx_word' id='word_1_126' title='bbox 511 1349 568 1384; x_wconf 90' lang='lat' dir='ltr'><strong>De</strong></span> <span class='ocrx_word' id='word_1_127' title='bbox 586 1348 700 1383; x_wconf 88' lang='lat' dir='ltr'><strong>Maris</strong></span> <span class='ocrx_word' id='word_1_128' title='bbox 719 1349 1004 1395; x_wconf 89' lang='lat' dir='ltr'><strong>Proprietatibus</strong></span> <span class='ocrx_word' id='word_1_129' title='bbox 1262 1349 1323 1383; x_wconf 87' lang='lat' dir='ltr'><strong>lib.</strong></span> <span class='ocrx_word' id='word_1_130' title='bbox 1344 1357 1369 1383; x_wconf 93' lang='lat'><strong>1.</strong></span> 
     </span>
    </p>
   </div>
   <div class='ocr_carea' id='block_1_5' title="bbox 414 1408 1419 1559">
    <p class='ocr_par' dir='ltr' id='par_1_5' title="bbox 414 1408 1419 1559">
     <span class='ocr_line' id='line_1_18' title="bbox 414 1408 838 1442; baseline -0.002 0"><span class='ocrx_word' id='word_1_131' title='bbox 414 1408 555 1442; x_wconf 88' lang='lat' dir='ltr'><strong>Floruit</strong></span> <span class='ocrx_word' id='word_1_132' title='bbox 573 1418 667 1442; x_wconf 85' lang='lat' dir='ltr'><strong>anno</strong></span> <span class='ocrx_word' id='word_1_133' title='bbox 687 1415 838 1442; x_wconf 76' lang='lat' dir='ltr'><strong>Mnxm.</strong></span> 
     </span>
     <span class='ocr_line' id='line_1_19' title="bbox 713 1521 1419 1559; baseline 0 -2"><span class='ocrx_word' id='word_1_134' title='bbox 713 1521 947 1558; x_wconf 89' lang='lat' dir='ltr'><strong>JOANNES</strong></span> <span class='ocrx_word' id='word_1_135' title='bbox 972 1522 1178 1559; x_wconf 87' lang='lat' dir='ltr'>WARIUS</span> <span class='ocrx_word' id='word_1_136' title='bbox 1205 1522 1258 1557; x_wconf 93' lang='lat' dir='ltr'><strong>M.</strong></span> <span class='ocrx_word' id='word_1_137' title='bbox 1313 1524 1419 1557; x_wconf 89' lang='lat'>1185.</span> 
     </span>
    </p>
   </div>
   <div class='ocr_carea' id='block_1_6' title="bbox 365 1638 1765 1801">
    <p class='ocr_par' dir='ltr' id='par_1_6' title="bbox 365 1638 1765 1801">
     <span class='ocr_line' id='line_1_20' title="bbox 365 1638 1764 1684; baseline 0.002 -12"><span class='ocrx_word' id='word_1_138' title='bbox 365 1639 558 1675; x_wconf 71' lang='lat' dir='ltr'>JOANNES</span> <span class='ocrx_word' id='word_1_139' title='bbox 588 1639 749 1679; x_wconf 87' lang='lat' dir='ltr'><strong>Warius,</strong></span> <span class='ocrx_word' id='word_1_140' title='bbox 780 1638 1011 1673; x_wconf 87' lang='lat' dir='ltr'><strong>Carmelitani</strong></span> <span class='ocrx_word' id='word_1_141' title='bbox 1043 1638 1178 1673; x_wconf 89' lang='lat' dir='ltr'><strong>ordinis</strong></span> <span class='ocrx_word' id='word_1_142' title='bbox 1212 1638 1340 1679; x_wconf 89' lang='lat' dir='ltr'><strong>socius,</strong></span> <span class='ocrx_word' id='word_1_143' title='bbox 1370 1638 1555 1673; x_wconf 89' lang='lat' dir='ltr'><strong>Dunkeldi</strong></span> <span class='ocrx_word' id='word_1_144' title='bbox 1584 1639 1764 1684; x_wconf 85' lang='lat' dir='ltr'><strong>professus</strong></span> 
     </span>
     <span class='ocr_line' id='line_1_21' title="bbox 366 1695 1765 1744; baseline 0.001 -13"><span class='ocrx_word' id='word_1_145' title='bbox 366 1708 498 1744; x_wconf 88' lang='lat' dir='ltr'><strong>magna</strong></span> <span class='ocrx_word' id='word_1_146' title='bbox 511 1697 658 1732; x_wconf 87' lang='lat' dir='ltr'><strong>virtutis</strong></span> <span class='ocrx_word' id='word_1_147' title='bbox 673 1696 850 1741; x_wconf 91' lang='lat' dir='ltr'><strong>opinione,</strong></span> <span class='ocrx_word' id='word_1_148' title='bbox 868 1700 984 1741; x_wconf 91' lang='lat' dir='ltr'><strong>poeta,</strong></span> <span class='ocrx_word' id='word_1_149' title='bbox 1003 1700 1134 1737; x_wconf 88' lang='lat' dir='ltr'><strong>orator,</strong></span> <span class='ocrx_word' id='word_1_150' title='bbox 1152 1695 1398 1740; x_wconf 86' lang='lat' dir='ltr'><strong>philosophus,</strong></span> <span class='ocrx_word' id='word_1_151' title='bbox 1417 1700 1452 1731; x_wconf 88' lang='lat' dir='ltr'><strong>et</strong></span> <span class='ocrx_word' id='word_1_152' title='bbox 1470 1696 1669 1743; x_wconf 87' lang='lat' dir='ltr'><strong>theologus,</strong></span> <span class='ocrx_word' id='word_1_153' title='bbox 1688 1702 1765 1732; x_wconf 86' lang='lat' dir='ltr'><strong>tan-</strong></span> 
     </span>
     <span class='ocr_line' id='line_1_22' title="bbox 367 1753 1499 1801; baseline 0.001 -14"><span class='ocrx_word' id='word_1_154' title='bbox 367 1755 447 1789; x_wconf 82' lang='lat' dir='ltr'><strong>dem</strong></span> <span class='ocrx_word' id='word_1_155' title='bbox 466 1754 736 1801; x_wconf 87' lang='lat' dir='ltr'><strong>ingravescente</strong></span> <span class='ocrx_word' id='word_1_156' title='bbox 754 1753 852 1788; x_wconf 90' lang='lat' dir='ltr'><strong>senio</strong></span> <span class='ocrx_word' id='word_1_157' title='bbox 870 1753 1005 1788; x_wconf 87' lang='lat' dir='ltr'><strong>ordinis</strong></span> <span class='ocrx_word' id='word_1_158' title='bbox 1023 1754 1079 1788; x_wconf 88' lang='lat' dir='ltr'><strong>sui</strong></span> <span class='ocrx_word' id='word_1_159' title='bbox 1097 1753 1338 1798; x_wconf 89' lang='lat' dir='ltr'><strong>provincialis,</strong></span> <span class='ocrx_word' id='word_1_160' title='bbox 1357 1753 1499 1798; x_wconf 87' lang='lat' dir='ltr'><strong>scripsit</strong></span> 
     </span>
    </p>
   </div>
   <div class='ocr_carea' id='block_1_7' title="bbox 512 1810 1516 1961">
    <p class='ocr_par' dir='ltr' id='par_1_7' title="bbox 512 1810 1516 1961">
     <span class='ocr_line' id='line_1_23' title="bbox 514 1810 1515 1846; baseline -0.001 -1"><span class='ocrx_word' id='word_1_161' title='bbox 514 1811 569 1845; x_wconf 94' lang='lat' dir='ltr'><strong>De</strong></span> <span class='ocrx_word' id='word_1_162' title='bbox 586 1811 817 1846; x_wconf 89' lang='lat' dir='ltr'><strong>Metallorum</strong></span> <span class='ocrx_word' id='word_1_163' title='bbox 835 1810 1071 1846; x_wconf 83' lang='lat' dir='ltr'><strong>Generatione</strong></span> <span class='ocrx_word' id='word_1_164' title='bbox 1408 1810 1470 1846; x_wconf 87' lang='lat' dir='ltr'><strong>lib.</strong></span> <span class='ocrx_word' id='word_1_165' title='bbox 1490 1820 1515 1845; x_wconf 92' lang='lat'><strong>1.</strong></span> 
     </span>
     <span class='ocr_line' id='line_1_24' title="bbox 512 1867 1516 1909; baseline 0 -6"><span class='ocrx_word' id='word_1_166' title='bbox 512 1868 773 1909; x_wconf 84' lang='lat' dir='ltr'><strong>Quaestionum</strong></span> <span class='ocrx_word' id='word_1_167' title='bbox 792 1867 1091 1903; x_wconf 88' lang='lat' dir='ltr'><strong>Scholasticarum</strong></span> <span class='ocrx_word' id='word_1_168' title='bbox 1108 1868 1377 1903; x_wconf 86' lang='lat' dir='ltr'><strong>Resolutorium</strong></span> <span class='ocrx_word' id='word_1_169' title='bbox 1408 1869 1470 1903; x_wconf 88' lang='lat' dir='ltr'><strong>lib.</strong></span> <span class='ocrx_word' id='word_1_170' title='bbox 1490 1878 1516 1903; x_wconf 95' lang='lat'><strong>1.</strong></span> 
     </span>
     <span class='ocr_line' id='line_1_25' title="bbox 515 1925 1515 1961; baseline 0 -1"><span class='ocrx_word' id='word_1_171' title='bbox 515 1926 704 1960; x_wconf 90' lang='lat' dir='ltr'><strong>Orationes</strong></span> <span class='ocrx_word' id='word_1_172' title='bbox 722 1926 766 1960; x_wconf 90' lang='lat' dir='ltr'><strong>de</strong></span> <span class='ocrx_word' id='word_1_173' title='bbox 783 1925 924 1960; x_wconf 89' lang='lat' dir='ltr'><strong>Sanctis</strong></span> <span class='ocrx_word' id='word_1_174' title='bbox 1408 1926 1469 1961; x_wconf 91' lang='lat' dir='ltr'><strong>lib.</strong></span> <span class='ocrx_word' id='word_1_175' title='bbox 1490 1936 1515 1960; x_wconf 90' lang='lat'><strong>1.</strong></span> 
     </span>
    </p>
   </div>
   <div class='ocr_carea' id='block_1_8' title="bbox 417 1982 1516 2134">
    <p class='ocr_par' dir='ltr' id='par_1_8' title="bbox 417 1982 1516 2134">
     <span class='ocr_line' id='line_1_26' title="bbox 417 1982 1476 2029; baseline -0.001 -11"><span class='ocrx_word' id='word_1_176' title='bbox 417 1983 556 2018; x_wconf 80' lang='lat' dir='ltr'><strong>claruit</strong></span> <span class='ocrx_word' id='word_1_177' title='bbox 573 1993 667 2017; x_wconf 89' lang='lat' dir='ltr'><strong>anno</strong></span> <span class='ocrx_word' id='word_1_178' title='bbox 686 1992 890 2018; x_wconf 72' lang='lat' dir='ltr'><strong>mccccxc.</strong></span> <span class='ocrx_word' id='word_1_179' title='bbox 944 1982 1092 2018; x_wconf 90' lang='lat' dir='ltr'><strong>Henrici</strong></span> <span class='ocrx_word' id='word_1_180' title='bbox 1111 1982 1261 2018; x_wconf 86' lang='lat' dir='ltr'><strong>Sinclari</strong></span> <span class='ocrx_word' id='word_1_181' title='bbox 1280 1983 1476 2029; x_wconf 88' lang='lat' dir='ltr'><strong>Epistolae.</strong></span> 
     </span>
     <span class='ocr_line' id='line_1_27' title="bbox 675 2093 1516 2134; baseline -0.001 -1"><span class='ocrx_word' id='word_1_182' title='bbox 675 2097 974 2134; x_wconf 90' lang='lat' dir='ltr'>RICHARDUS</span> <span class='ocrx_word' id='word_1_183' title='bbox 1001 2098 1212 2134; x_wconf 85' lang='lat' dir='ltr'><strong>WIGTON</strong></span> <span class='ocrx_word' id='word_1_184' title='bbox 1242 2098 1292 2134; x_wconf 91' lang='lat' dir='ltr'><strong>M.</strong></span> <span class='ocrx_word' id='word_1_185' title='bbox 1347 2098 1453 2133; x_wconf 89' lang='lat'>1186.</span> <span class='ocrx_word' id='word_1_186' title='bbox 1512 2093 1516 2095; x_wconf 65' lang='grc'><strong>’</strong></span> 
     </span>
    </p>
   </div>
   <div class='ocr_carea' id='block_1_9' title="bbox 367 2213 1763 2318">
    <p class='ocr_par' dir='ltr' id='par_1_9' title="bbox 367 2213 1763 2318">
     <span class='ocr_line' id='line_1_28' title="bbox 368 2213 1763 2262; baseline 0.003 -15"><span class='ocrx_word' id='word_1_187' title='bbox 368 2214 614 2248; x_wconf 78' lang='lat' dir='ltr'>RICHARDUS</span> <span class='ocrx_word' id='word_1_188' title='bbox 632 2213 795 2261; x_wconf 84' lang='lat' dir='ltr'><strong>Wigton‚</strong></span> <span class='ocrx_word' id='word_1_189' title='bbox 813 2214 889 2249; x_wconf 90' lang='lat' dir='ltr'><strong>sive</strong></span> <span class='ocrx_word' id='word_1_190' title='bbox 907 2213 1096 2261; x_wconf 79' lang='lat' dir='ltr'><strong>VVighton,</strong></span> <span class='ocrx_word' id='word_1_191' title='bbox 1121 2214 1229 2249; x_wconf 88' lang='lat' dir='ltr'><strong>etiam</strong></span> <span class='ocrx_word' id='word_1_192' title='bbox 1255 2213 1517 2251; x_wconf 89' lang='lat' dir='ltr'><strong>Carmelitanae</strong></span> <span class='ocrx_word' id='word_1_193' title='bbox 1538 2217 1681 2262; x_wconf 87' lang='lat' dir='ltr'><strong>regulae</strong></span> <span class='ocrx_word' id='word_1_194' title='bbox 1705 2217 1763 2250; x_wconf 81' lang='lat' dir='ltr'><strong>ad-</strong></span> 
     </span>
     <span class='ocr_line' id='line_1_29' title="bbox 367 2270 1385 2318; baseline 0.001 -13"><span class='ocrx_word' id='word_1_195' title='bbox 367 2271 494 2312; x_wconf 88' lang='lat' dir='ltr'><strong>dictus,</strong></span> <span class='ocrx_word' id='word_1_196' title='bbox 512 2270 663 2306; x_wconf 89' lang='lat' dir='ltr'><strong>Tolosae</strong></span> <span class='ocrx_word' id='word_1_197' title='bbox 684 2271 746 2307; x_wconf 90' lang='lat' dir='ltr'><strong>diu</strong></span> <span class='ocrx_word' id='word_1_198' title='bbox 764 2270 944 2318; x_wconf 88' lang='lat' dir='ltr'><strong>professus</strong></span> <span class='ocrx_word' id='word_1_199' title='bbox 964 2271 1073 2307; x_wconf 87' lang='lat' dir='ltr'><strong>bonas</strong></span> <span class='ocrx_word' id='word_1_200' title='bbox 1091 2271 1223 2312; x_wconf 88' lang='lat' dir='ltr'><strong>literas,</strong></span> <span class='ocrx_word' id='word_1_201' title='bbox 1243 2272 1385 2317; x_wconf 88' lang='lat' dir='ltr'><strong>scripsit</strong></span> 
     </span>
    </p>
   </div>
  </div>
 </body>
</html>
