2060 2848
365 337 428 369 :394
749 333 982 367 HISTORIA
1006 333 1382 367 ECCLESIASTICA

417 431 516 465 Sedit
534 430 637 464 annis
656 438 758 464 xvu.
808 429 909 464 Obiit
932 440 1028 464 anno
1051 437 1158 463 xxn.
1177 428 1303 463 Jacobi
1321 428 1372 463 II.
1390 428 1498 474 regis,
1518 428 1695 464 humanae
1714 441 1768 463 sa-

368 489 451 523 lutis
473 485 774 535 [necccmffn]

876 600 899 634 J
902 600 1009 635 OAN
1012 600 1121 635 NES.
1174 604 1197 638 7
1199 603 1258 635 40.

363 719 567 759 JOANNES,
595 718 849 752 Benedictinus
876 716 1081 757 monachus,
1112 727 1131 751 e
1157 716 1276 751 Scotia
1301 717 1340 751 in
1366 716 1597 753 Germaniam
1623 724 1765 752 secutus

363 776 398 809 S.
419 776 636 815 Marianum,
657 774 821 808 abbatem
839 774 996 818 primum
1019 775 1058 807 in
1082 774 1269 809 Scotorum
1295 775 1513 809 monasterio
1537 776 1582 810 ab
1607 775 1765 810 Henrico

363 833 566 879 Burgravio
579 832 628 866 11.
641 842 758 876 nuper
770 831 988 866 Ratisbonae
1002 837 1129 871 erecto,
1143 835 1165 851 “
1176 836 1297 866 sancte
1312 831 1369 865 vir
1379 832 1537 872 doctus‚”
1551 838 1593 867 ut
1604 834 1766 878 loquitur

363 890 602 936 U'olfgangus
621 889 755 923 Lazius
773 889 833 923 lib.
855 898 925 922 vn.
945 888 988 922 de
1007 889 1155 936 Migrat.
1176 888 1281 923 Geut.
1301 900 1383 935 pag.
1400 897 1553 924 cccxn.
1577 890 1765 937 [Scripsit]

508 948 606 982 Odas
624 958 742 982 sacras
1260 947 1322 982 lib.
1342 955 1368 981 1.

511 1005 677 1050 Hymnos
695 1006 739 1039 de
757 1004 896 1039 Sanctis
1259 1005 1319 1039 lib.
1341 1013 1366 1038 1.

412 1063 552 1097 Floruit
570 1074 663 1097 anno
684 1070 865 1096 MCLV111.

876 1176 1099 1211 ISAACUS.
1155 1180 1237 1215 741.

359 1294 542 1332 haimos,
570 1303 686 1327 comes
717 1304 757 1327 ac
788 1293 904 1327 socius
935 1293 1235 1339 peregrinationis
1266 1292 1498 1327 Germanicae
1530 1291 1567 1326 S.
1595 1292 1762 1333 Mariani,

357 1351 464 1395 primi
482 1350 621 1385 abbatis
639 1349 924 1402 Ratisbonensis‚
942 1355 984 1384 ut
1006 1361 1051 1384 ex
1073 1349 1294 1396 Vss'olfgango
1318 1349 1430 1384 Lazio
1453 1350 1565 1395 liquet
1589 1352 1665 1393 loco
1689 1353 1764 1385 lau-

356 1410 450 1449 dato,
468 1409 611 1453 scripsit

505 1465 761 1510 Paraphrasim
779 1465 816 1498 in
835 1464 1077 1499 Ecclesiasten
1257 1465 1318 1500 lib.
1340 1475 1364 1498 1.

505 1522 771 1557 Commentario.
789 1523 826 1556 in
845 1522 974 1556 Libros
994 1522 1137 1568 Regum
1254 1523 1316 1558 lib.
1337 1532 1362 1556 1.
1388 1527 1423 1557 et
1441 1523 1522 1563 alia,
1546 1535 1637 1569 quae
1656 1524 1760 1558 MSS.

552 1581 685 1615 ibidem
703 1581 770 1615 loci
789 1580 1090 1614 asservabantur:
1119 1581 1295 1625 quaedam
1314 1580 1534 1625 prodierunt.

405 1639 546 1673 Floruit
564 1649 657 1673 anno
677 1646 857 1672 nomm.

662 1752 939 1788 ROBERTUS
964 1751 1311 1787 JOHNSTONUS.
1366 1755 1449 1790 742.

354 1871 576 1904 Romznws
593 1868 830 1910 Johnstouus,
853 1868 989 1903 Baroni
1009 1867 1203 1902 Killosensi
1223 1867 1357 1903 Brusio
1374 1869 1460 1903 dum
1479 1869 1626 1904 vivebat
1643 1881 1757 1910 carus,

354 1930 410 1962 vir
428 1928 547 1962 variae
565 1926 738 1966 lectionis,
757 1937 859 1961 rarae
878 1926 1101 1967 eruditionis,
1121 1926 1265 1971 scripsit

503 1985 703 2019 Historiam
722 1984 778 2018 sui
796 1983 913 2019 Seculi
933 1984 1063 2019 Latine
1245 1985 1306 2019 lib.
1328 1994 1353 2019 1.
1381 1990 1416 2020 et
1443 1986 1688 2026 tersissimam,
1716 1994 1755 2021 ut

551 2048 605 2078 est
623 2042 738 2077 limati
752 2043 893 2088 judicii.

401 2102 504 2136 Vivit
534 2101 650 2136 adhuc
676 2099 834 2135 Londini
866 2100 1013 2135 virtutis
1042 2100 1181 2140 merito,
1212 2101 1294 2136 licet
1325 2112 1397 2136 non
1423 2102 1571 2142 aulicus,
1598 2103 1673 2148 regi
1701 2114 1755 2136 ac-

352 2165 484 2203 ceptus.

862 2258 885 2292 J
888 2256 1107 2292 OANNES.
1162 2260 1243 2294 743.

353 2332 558 2372 JOANNES‚
575 2331 832 2367 Franciscanae
849 2332 1006 2367 familiae
1024 2332 1152 2373 socius,
1178 2331 1341 2377 Neapoli,
1366 2337 1408 2366 ut
1432 2333 1608 2373 existimo,
1633 2344 1753 2367 mona-

355 2391 461 2425 chum
479 2390 609 2424 induit.
661 2389 811 2435 Scripsit

500 2447 753 2487 Quaestionem
788 2448 832 2482 de
866 2447 1102 2482 Matrimonio
1138 2452 1172 2482 et
1203 2446 1371 2482 Divortio
1404 2448 1552 2482 Henrici
1579 2447 1683 2482 VIII.
1716 2454 1748 2481 et
